=LDR  05031cam a22007214a 4500
=001  musev2_42
=003  MdBmJHUP
=005  20241011030300.0
=006  m\\\\\o\\d\\\\\\\\
=007  cr||||||||nn|n
=008  100607s2011\\\\mdu\\\\\o\\\\\\00\0\eng\d
=020  \\$a9781421428178
=020  \\$z9780801899331
=020  \\$z9780801898747
=035  \\$a(OCoLC)794700392
=040  \\$aMdBmJHUP$cMdBmJHUP
=043  \\$an-us---
=050  \4$aPS377$b.M33 2011
=082  0\$a813/.309$222
=100  1\$aMachor, James L.
=245  10$aReading Fiction in Antebellum America : $bInformed Response and Reception Histories, 1820-1865 / $cJames L. Machor.
=264  \1$aBaltimore :$bJohns Hopkins University Press,$c2011.
=264  \3$aBaltimore, Md. :$bProject MUSE, $c2011
=264  \4$c©2011.
=300  \\$a1 online resource (424 pages).
=336  \\$atext$btxt$2rdacontent
=337  \\$acomputer$bc$2rdamedia
=338  \\$aonline resource$bcr$2rdacarrier
=500  \\$aOldControl:muse9780801899331.
=504  \\$aIncludes bibliographical references (pages 321-391) and index.
=505  0\$apt. 1. Reading reading historically. Historical hermeneutics, reception theory, and the social conditions of reading in antebellum America ; Interpretive strategies and informed reading in the antebellum public sphere -- pt. 2. Contextual receptions, reading experiences, and patterns of response: four case studies. "These days of double dealing": informed response, reader appropriation, and the tales of Poe ; Multiple audiences and Melville's fiction: receptions, recoveries, and regressions ; Response as (re)construction: the reception of Catharine Sedgwick's novels ; Mercurial readings: the making and unmaking of Caroline Chesebro' -- Conclusion: American literary history and the historical study of interpretive practices.
=506  0\$aOpen Access$fUnrestricted online access$2star
=520  \\$aJames L. Machor offers a sweeping exploration of how American fiction was received in both public and private spheres in the United States before the Civil War. Machor takes four antebellum authors--Edgar Allan Poe, Herman Melville, Catharine Sedgwick, and Caroline Chesebro'--and analyzes how their works were published, received, and interpreted. Drawing on discussions found in book reviews and in private letters and diaries, Machor examines how middle-class readers of the time engaged with contemporary fiction and how fiction reading evolved as an interpretative practice in nineteenth-century America. Through careful analysis, Machor illuminates how the reading practices of nineteenth-century Americans shaped not only the experiences of these writers at the time but also the way the writers were received in the twentieth century. What Machor reveals is that these authors were received in ways strikingly different from how they are currently read, thereby shedding significant light on their present status in the literary canon in comparison to their critical and popular positions in their own time. Machor deftly combines response and reception criticism and theory with work in the history of reading to engage with groundbreaking scholarship in historical hermeneutics. In so doing, Machor takes us ever closer to understanding the particular and varying reading strategies of historical audiences and how they impacted authors' conceptions of their own readership.--Book jacket.
=546  \\$aEnglish.
=588  0\$aDescription based on print version record.
=650  \7$aReader-response criticism$2fast
=650  \7$aBooks and reading$2fast
=650  \7$aAuthors and readers$2fast
=650  \7$aAmerican fiction$2fast
=650  \7$aLiterary theory.$2bicssc
=650  \6$aÉcrivains et lecteurs$zÉtats-Unis$xHistoire$y19e siecle.
=650  \6$aEsthetique de la reception$zÉtats-Unis.
=650  \6$aRoman americain$y19e siecle$xHistoire et critique.
=650  \0$aAmerican fiction$y19th century$xHistory and criticism.
=650  \0$aReader-response criticism$zUnited States.
=650  \0$aAuthors and readers$zUnited States$xHistory$y19th century.
=650  \0$aBooks and reading$zUnited States$xHistory$y19th century.
=651  \7$aUnited States$2fast$1https://id.oclc.org/worldcat/entity/E39PBJtxgQXMWqmjMjjwXRHgrq
=648  \7$a1800-1899$2fast
=653  \\$aLiterary theory
=655  \7$aDictionnaires.$2rvmgf
=655  \7$aDictionaries.$2lcgft
=655  \7$aHistory$2fast
=655  \7$aCriticism, interpretation, etc.$2fast
=655  \7$adictionaries.$2aat
=655  \7$aElectronic books. $2local
=776  18$iPrint version:$aMachor, James L.$tReading fiction in antebellum America.$dBaltimore : Johns Hopkins University Press, 2011$w(DLC)  2010022274
=710  2\$aProject Muse.$edistributor
=830  \0$aProject Muse literature collection.
=830  \0$aBook collections on Project MUSE.
=856  40$zFull text available: $uhttps://muse.jhu.edu/book/42/
=945  \\$aProject MUSE - 2011 Complete
=945  \\$aProject MUSE - 2011 Literature

