=LDR  04318cam a22005894a 4500
=001  musev2_68
=003  MdBmJHUP
=005  20241011030352.0
=006  m\\\\\o\\d\\\\\\\\
=007  cr||||||||nn|n
=008  100208s2010\\\\miu\\\\\o\\\\\\00\0\eng\d
=010  \\$z  2020706777
=020  \\$a9780472900404
=020  \\$z9780472026708
=020  \\$z9780472050994
=020  \\$z9780472070992
=035  \\$a(OCoLC)666936615
=040  \\$aMdBmJHUP$cMdBmJHUP
=100  1\$aStein, Kevin,$d1954-$1https://id.oclc.org/worldcat/entity/E39PBJhCBXj64Bb3DG4KMTXWXd
=245  10$aPoetry's Afterlife : $bVerse in the Digital Age / $cKevin Stein.
=264  \1$aAnn Arbor :$bUniversity of Michigan Library,$c[2010]
=264  \3$aBaltimore, Md. :$bProject MUSE, $c2011
=264  \4$c©[2010]
=300  \\$a1 online resource (272 pages).
=336  \\$atext$btxt$2rdacontent
=337  \\$acomputer$bc$2rdamedia
=338  \\$aonline resource$bcr$2rdacarrier
=505  0\$a[1.] On poets and aesthetic history. Paper or plastic, Pepsi or Coke, irony or sincerity? -- "The only courage is joy!": ecstasy and doubt in James Wright's poetry -- Playing favorites: American poetry's top ten-ism fetish -- "When the frost is on the punkin": newspaper poetry's history and decline -- Aesthetic dodo -- [2.] On technology & the writerly life. Poems and pixels: the work of art in an age of digital reproduction -- A digital poetry playlist: varieties of video and new media poetries -- These drafts and castoffs: mapping literary manuscripts -- Death by zeroes and ones: the fate of literary "papers" -- [3.] On teaching and the writer's workshop. The hammer -- Voice: what you say and how readers hear it -- Why kids hate poetry -- Whitman's sampler: an assortment of youth poems -- [4.] After silence. (Hidden track): poetry in public places.
=506  0\$aOpen Access$fUnrestricted online access$2star
=520  \\$aAt a time when most commentators fixate on American poetry's supposed "death," Kevin Stein's Poetry's Afterlife instead proposes the vitality of its aesthetic hereafter. The essays of Poetry's Afterlife blend memoir, scholarship, and personal essay to survey the current poetry scene, trace how we arrived here, and suggest where poetry is headed in our increasingly digital culture. The result is a book both fetchingly insightful and accessible. Poetry's spirited afterlife has come despite, or perhaps because of, two decades of commentary diagnosing American poetry as moribund if not already deceased. With his 2003 appointment as Illinois Poet Laureate and his forays into public libraries and schools, Stein has discovered that poetry has not given up its literary ghost. For a fated art supposedly pushing up aesthetic daisies, poetry these days is up and about in the streets, schools, and universities, and online in new and compelling digital forms. It flourishes among the people in a lively if curious underground existence largely overlooked by national media. It's this second life, or better, Poetry's Afterlife, that his book examines and celebrates.
=546  \\$aEnglish.
=588  \\$aDescription based on print version record.
=650  \7$aPoetry$xAppreciation$2fast
=650  \7$aAmerican poetry$2fast
=650  \7$aLITERARY CRITICISM$xGeneral.$2bisacsh
=650  \7$aLITERARY CRITICISM$xPoetry.$2bisacsh
=650  \6$aPoesie$xAppreciation$zÉtats-Unis$xHistoire$y21e siecle.
=650  \6$aPoesie$xAppreciation$zÉtats-Unis$xHistoire$y20e siecle.
=650  \6$aPoesie americaine$y20e siecle$xHistoire et critique.
=650  \0$aPoetry$xAppreciation$zUnited States$xHistory$y21st century.
=650  \0$aPoetry$xAppreciation$zUnited States$xHistory$y20th century.
=650  \0$aAmerican poetry$y21st century$xHistory and criticism.
=650  \0$aAmerican poetry$y20th century$xHistory and criticism.
=651  \7$aUnited States$2fast$1https://id.oclc.org/worldcat/entity/E39PBJtxgQXMWqmjMjjwXRHgrq
=655  \7$aHistory$2fast
=655  \7$aCriticism, interpretation, etc.$2fast
=655  \7$aElectronic books. $2local
=710  2\$aProject Muse.$edistributor
=830  \0$aBook collections on Project MUSE.
=856  40$zFull text available: $uhttps://muse.jhu.edu/book/68/
=945  \\$aProject MUSE - 2010 Literature
=945  \\$aProject MUSE - 2010 Complete

