=LDR  02130cam a22004814a 4500
=001  musev2_114
=003  MdBmJHUP
=005  20241011030437.0
=006  m\\\\\o\\d\\\\\\\\
=007  cr||||||||nn|n
=008  070605s2007\\\\pau\\\\\o\\\\\\00\0\eng\d
=010  \\$z  2007022491
=020  \\$a9780271034997
=035  \\$a(OCoLC)250627634
=040  \\$aMdBmJHUP$cMdBmJHUP
=043  \\$acl-----$ae-sp---
=050  04$aF1411$b.B43 2007
=082  0\$a980$222
=100  1\$aBeckjord, Sarah H.
=245  10$aTerritories of History : $bHumanism, Rhetoric, and the Historical Imagination in the Early Chronicles of Spanish America / $cSarah H. Beckjord.
=264  \1$aUniversity Park, Penn. :$bPennsylvania State University Press,$c2007.
=264  \3$aBaltimore, Md. :$bProject MUSE, $c2011
=264  \4$c©2007.
=300  \\$a1 online resource (201 pages).
=336  \\$atext$btxt$2rdacontent
=337  \\$acomputer$bc$2rdamedia
=338  \\$aonline resource$bcr$2rdacarrier
=490  0\$aPenn State Romance Studies series
=504  \\$aIncludes bibliographical references (p. [171]-184) and index.
=505  0\$aHistorical representation in the Spanish humanist context, Juan Luis Vives --  Conjecture and credibility in the Historia general y natural de las Indias by Gonzalo Fernández de Oviedo y Valdes -- Vision and voice : The Historia de las Indias by Bartolome de las Casas -- History and memory : narrative perspective in Bernal Díaz del Castillo.
=506  0\$aOpen Access$fUnrestricted online access$2star
=588  \\$aDescription based on print version record.
=651  \0$aLatin America$xHistory$yTo 1600$xHistoriography.
=650  \0$aNarration (Rhetoric)
=650  \0$aHistory in literature.
=650  \0$aHumanism$zSpain$xHistory.
=650  \0$aHumanism$zLatin America$xHistory.
=655  \7$aElectronic books. $2local
=710  2\$aProject Muse.$edistributor
=830  \0$aBook collections on Project MUSE.
=856  40$zFull text available: $uhttps://muse.jhu.edu/book/114/
=945  \\$aProject MUSE - Archive Complete Foundation
=945  \\$aProject MUSE - Archive History Foundation

