=LDR  01659cam a22004454a 4500
=001  musev2_146
=003  MdBmJHUP
=005  20241011030505.0
=006  m\\\\\o\\d\\\\\\\\
=007  cr||||||||nn|n
=008  081217s2009\\\\dcu\\\\\o\\\\\\00\0\eng\d
=010  \\$z  2008051750
=020  \\$a9781589017221
=020  \\$z9781589014893
=035  \\$a(OCoLC)635947361
=040  \\$aMdBmJHUP$cMdBmJHUP
=050  04$aBR115.J8$bJ86 2009
=082  0\$a261.2/7$222
=245  00$aJustice and Rights : $bChristian and Muslim Perspectives / $cedited by Michael Ipgrave.
=264  \1$aWashington, DC :$bGeorgetown University Press,$c2009.
=264  \3$aBaltimore, Md. :$bProject MUSE, $c2011
=264  \4$c&copy;2009.
=300  \\$a1 online resource (192 pages).
=336  \\$atext$btxt$2rdacontent
=337  \\$acomputer$bc$2rdamedia
=338  \\$aonline resource$bcr$2rdacarrier
=504  \\$aIncludes bibliographical references and index.
=506  0\$aOpen Access$fUnrestricted online access$2star
=588  \\$aDescription based on print version record.
=650  \0$aHuman rights$xReligious aspects$xIslam$vCongresses.
=650  \0$aHuman rights$xReligious aspects$xChristianity$vCongresses.
=650  \0$aIslam and justice.$vCongresses.
=650  \0$aChristianity and justice$vCongresses.
=655  \7$aElectronic books. $2local
=700  1\$aIpgrave, Michael.
=710  2\$aProject Muse.$edistributor
=830  \0$aBook collections on Project MUSE.
=856  40$zFull text available: $uhttps://muse.jhu.edu/book/146/
=945  \\$aProject MUSE - Archive Complete Foundation
=945  \\$aProject MUSE - Archive Philosophy and Religion Foundation

