=LDR  01751cam a22004694a 4500
=001  musev2_149
=003  MdBmJHUP
=005  20241011030507.0
=006  m\\\\\o\\d\\\\\\\\
=007  cr||||||||nn|n
=008  100324s2010\\\\dcu\\\\\o\\\\\\00\0\eng\d
=010  \\$z  2010012462
=020  \\$a9781589017597
=020  \\$z9781589017160
=035  \\$a(OCoLC)794698830
=040  \\$aMdBmJHUP$cMdBmJHUP
=050  04$aBT701.3$b.H86 2010
=082  0\$a233$222
=245  00$aHumanity: Texts and Contexts : $bChristian and Muslim Perspectives / $cMichael Ipgrave and David Marshall, editors.
=264  \1$aWashington, D.C. :$bGeorgetown University Press,$c2010.
=264  \3$aBaltimore, Md. :$bProject MUSE, $c2011
=264  \4$c&copy;2010.
=300  \\$a1 online resource (160 pages).
=336  \\$atext$btxt$2rdacontent
=337  \\$acomputer$bc$2rdamedia
=338  \\$aonline resource$bcr$2rdacarrier
=504  \\$aIncludes bibliographical references and index.
=506  0\$aOpen Access$fUnrestricted online access$2star
=588  \\$aDescription based on print version record.
=650  \0$aIslam$xRelations$xChristianity$vCongresses.
=650  \0$aChristianity and other religions$xIslam$vCongresses.
=650  \0$aHuman beings$vCongresses.
=650  \0$aTheological anthropology$xIslam$vCongresses.
=650  \0$aTheological anthropology$xChristianity$vCongresses.
=655  \7$aElectronic books. $2local
=700  1\$aMarshall, David,$cRev.
=700  1\$aIpgrave, Michael.
=710  2\$aProject Muse.$edistributor
=830  \0$aBook collections on Project MUSE.
=856  40$zFull text available: $uhttps://muse.jhu.edu/book/149/
=945  \\$aProject MUSE - 2010 Philosophy and Religion
=945  \\$aProject MUSE - 2010 Complete

