=LDR  05048cam a22008894a 4500
=001  musev2_185
=003  MdBmJHUP
=005  20241011030535.0
=006  m\\\\\o\\d\\\\\\\\
=007  cr||||||||nn|n
=008  090203s2009\\\\miu\\\\\o\\\\\\00\0\eng\d
=010  \\$z  2020706961
=020  \\$a9780472024490
=020  \\$z9780472050604
=020  \\$z9780472070602
=020  \\$z9780472900442
=035  \\$a(OCoLC)705944500
=040  \\$aMdBmJHUP$cMdBmJHUP
=043  \\$an-us---
=050  04$aKF4757
=082  0\$a346.7304/82$222
=100  1\$aSchur, Richard L.
=245  10$aParodies of Ownership : $bHip-Hop Aesthetics and Intellectual Property Law / $cRichard L. Schur.
=264  \1$aAnn Arbor :$bUniversity of Michigan Library,$c[2009]
=264  \3$aBaltimore, Md. :$bProject MUSE, $c2011
=264  \4$c©[2009]
=300  \\$a1 online resource (256 pages).
=336  \\$atext$btxt$2rdacontent
=337  \\$acomputer$bc$2rdamedia
=338  \\$aonline resource$bcr$2rdacarrier
=504  \\$aIncludes bibliographical references and index.
=505  0\$aFrom chattel to intellectual property : legal foundations of African American cultural critique -- Critical race theory, signifyin', and cultural ownership -- Defining hip-hop aesthetics -- Claiming ownership in the post -- civil rights era -- "Fair use" and the circulation of racialized texts -- "Transformative uses" : parody and memory -- From invisibility to erasure? The consequences of hip-hop aesthetics.
=506  0\$aOpen Access$fUnrestricted online access$2star
=520  \\$a"What is the relationship between hip-hop and African American culture in the post-Civil Rights era? Does hip-hop share a criticism of American culture or stand as an isolated and unique phenomenon? How have African American texts responded to the increasing role intellectual property law plays in regulating images, sounds, words, and logos? Parodies of Ownership examines how contemporary African American writers, artists, and musicians have developed an artistic form that Schur terms "hip-hop aesthetics." This book offers an in-depth examination of a wide range of contemporary African American painters and writers, including Anna Deavere Smith, Toni Morrison, Adrian Piper, Colson Whitehead, Michael Ray Charles, Alice Randall, and Fred Wilson. Their absence from conversations about African American culture has caused a misunderstanding about the nature of contemporary cultural issues and resulted in neglect of their innovative responses to the post-Civil Rights era. By considering their work as a cross-disciplinary and specifically African American cultural movement, Schur shows how a new paradigm for artistic creation has developed."--Publisher's description
=542  \\$fThis work is licensed under the Creative Commons Attribution-NonCommercial-NoDerivatives 3.0 Unported License
=546  \\$aEnglish.
=583  1\$adigitized$c2010$hHathiTrust Digital Library$lcommitted to preserve$2pda$5MiAaHDL
=588  0\$aDescription based on print version record.
=650  \7$aUpphovsrätt.$2sao
=650  \7$aEstetik.$2sao
=650  \7$aHiphop.$2sao
=650  \7$aAfrican Americans in popular culture.$2nli
=650  \7$aHip-hop$xInfluence.$2nli
=650  \7$aIntellectual property$zUnited States.$2nli
=650  \7$aAfrican Americans$xLegal status, laws, etc.$2nli
=650  \7$aKultur$2gnd
=650  \7$aGeistiges Eigentum$2gnd
=650  \7$aIntellectual property$2fast
=650  \7$aHip-hop$xInfluence$2fast
=650  \7$aAfrican Americans$xLegal status, laws, etc.$2fast
=650  \7$aAfrican Americans in popular culture$2fast
=650  \7$aLAW$xIntellectual Property$xGeneral.$2bisacsh
=650  \7$aLAW$xAdministrative Law & Regulatory Practice.$2bisacsh
=650  \6$aPropriete intellectuelle$zÉtats-Unis.
=650  \6$aNoirs americains dans la culture populaire.
=650  \0$aIntellectual property$zUnited States.
=650  \0$aHip-hop$xInfluence.
=650  \0$aAfrican Americans$xLegal status, laws, etc.
=650  \0$aAfrican Americans in popular culture.
=651  \7$aUSA$2gnd
=651  \7$aSchwärze$2gnd
=651  \7$aUnited States$2fast
=653  \0$aAfrican Americans in popular culture
=653  \0$aInfluence
=653  \0$aHip-hop
=653  \5$aUnited States
=653  \0$aIntellectual property
=653  \0$aLegal status, laws, etc.
=653  \0$aAfrican Americans
=655  \7$aElectronic books. $2local
=758  \\$iIs found in:$aUniversity of Michigan Press$1https://openresearchlibrary.org/module/304bb252-e626-4146-8e3a-88f21019023f
=776  18$iPrint version:$tParodies of ownership.$dAnn Arbor : University of Michigan Press : c2009$z9780472070602$w(DLC)  2009004565
=710  2\$aProject Muse.$edistributor
=830  \0$aBook collections on Project MUSE.
=856  40$zFull text available: $uhttps://muse.jhu.edu/book/185/
=945  \\$aProject MUSE - Archive Complete Foundation
=945  \\$aProject MUSE - Archive Political Science and Policy Studies Foundation

