=LDR  02000cam a22004454a 4500
=001  musev2_280
=003  MdBmJHUP
=005  20241011030645.0
=006  m\\\\\o\\d\\\\\\\\
=007  cr||||||||nn|n
=008  101213s2011\\\\txu\\\\\o\\\\\\00\0\eng\d
=010  \\$z  2010052453
=020  \\$a9781574413526
=020  \\$z9781574413083
=035  \\$a(OCoLC)727944895
=040  \\$aMdBmJHUP$cMdBmJHUP
=043  \\$an-us-tx
=050  04$aHV9955.T4$bH37 2011
=082  0\$a016.364976402/1$222
=100  1\$aHarnsberger, R. Scott.
=245  12$aA Guide to Sources of Texas Criminal Justice Statistics / $cR. Scott Harnsberger.
=264  \1$aDenton, Tex. :$bUniversity of North Texas Press,$c2011.
=264  \3$aBaltimore, Md. :$bProject MUSE, $c2011
=264  \4$c&copy;2011.
=300  \\$a1 online resource (324 pages).
=336  \\$atext$btxt$2rdacontent
=337  \\$acomputer$bc$2rdamedia
=338  \\$aonline resource$bcr$2rdacarrier
=490  0\$aNorth Texas crime and criminal justice series ;$vno. 6
=504  \\$aIncludes bibliographical references and indexes.
=505  0\$aStarting points -- Crime, criminals, and juvenile delinquency -- Law enforcement -- Courts and sentencing -- Adult corrections, parole, and probation -- Juvenile corrections, parole, and probation -- Capital punishment and death row -- Victims of crime -- Driving/boating under the influence and traffic fatalities -- Substance abuse and treatment -- Appropriations, revenues, expenditures, and federal aid -- Polls and rankings.
=506  0\$aOpen Access$fUnrestricted online access$2star
=588  \\$aDescription based on print version record.
=650  \0$aCriminal statistics$zTexas$vBibliography.
=655  \7$aElectronic books. $2local
=710  2\$aProject Muse.$edistributor
=830  \0$aBook collections on Project MUSE.
=856  40$zFull text available: $uhttps://muse.jhu.edu/book/280/
=945  \\$aProject MUSE - 2011 US Regional Studies, South
=945  \\$aProject MUSE - 2011 Complete

