=LDR  03722cam a22006014a 4500
=001  musev2_292
=003  MdBmJHUP
=005  20241011030652.0
=006  m\\\\\o\\d\\\\\\\\
=007  cr||||||||nn|n
=008  200912s2016\\\\xx\\\\\\o\\\\\\00\0\eng\d
=020  \\$a9780271056562
=020  \\$z9780271033969
=035  \\$a(OCoLC)780538779
=040  \\$aMdBmJHUP$cMdBmJHUP
=100  1\$aGreen, Karen.
=245  14$aThe Book of Peace : $bBy Christine de Pizan
=264  \1$aUniversity Park :$bPenn State University Press,$c2016.
=264  \3$aBaltimore, Md. :$bProject MUSE, $c2011
=264  \4$c&copy;2016.
=300  \\$a1 online resource (360 pages).
=336  \\$atext$btxt$2rdacontent
=337  \\$acomputer$bc$2rdamedia
=338  \\$aonline resource$bcr$2rdacarrier
=490  0\$aPenn State Romance Studies ;$vv.5
=500  \\$aDescription based upon print version of record.
=505  0\$aIntro -- Title Page -- Copyright -- Contents -- Acknowledgments -- List of Abbreviations -- Introduction -- Literary Sources of Le Livre de paix -- Description of the Manuscripts -- Note on the Text -- The Book of Peace -- Part 1 -- Part 2 -- Part 3 -- Le Livre de paix -- Part 1 -- Part 2 -- Part 3 -- Notes -- Appendix: Table of Sources -- Bibliography -- Index -- Back Cover
=506  0\$aOpen Access$fUnrestricted online access$2star
=520  \\$aChristine de Pizan, one of the earliest known women authors, wrote the Livre de paix (Book of Peace) between 1412 and 1414, a period of severe corruption and civil unrest in her native France. The book offered Pizan a platform from which to expound her views on contemporary politics and to put forth a strict moral code to which she believed all governments should aspire. The text's intended recipient was the dauphin, Louis of Guyenne; Christine felt that Louis had the political and social influence to fill a void left by years of incompetent leadership. Drawing in equal parts from the Bible and from classical ethical theory, the Livre de paix was revolutionary in its timing, viewpoint, and content. This volume, edited by Karen Green, Constant J. Mews, and Janice Pinder, boasts the first full English translation of Pizan's work along with the original French text. The editors also place the Livre de paix in historical context, provide a brief biography of Pizan, and offer insight into the translation process.
=546  \\$aIn English.
=588  \\$aDescription based on print version record.
=600  07$aChristine,$cde Pisan,$dapproximately 1364-approximately 1431$2fast
=600  00$aChristine,$cde Pisan,$dapproximately 1364-approximately 1431$xPolitical and social views.
=651  \7$aFrance$2fast$1https://id.oclc.org/worldcat/entity/E39PBJd8gD4vdtqQMdQHvYqbBP
=651  \6$aFrance$xPolitique et gouvernement$y1328-1589$vSources.
=651  \6$aFrance$xHistoire$y15e siecle$vSources.
=651  \6$aFrance$xHistoire$y1380-1422 (Charles VI)$vSources.
=651  \0$aFrance$xPolitics and government$y1328-1589$vSources.
=651  \0$aFrance$xHistory$y15th century$vSources.
=651  \0$aFrance$xHistory$yCharles VI, 1380-1422$vSources.
=650  \7$aPolitics and government$2fast
=650  \7$aPolitical and social views$2fast
=650  \7$aLITERARY CRITICISM / Women Authors.$2bisacsh
=655  \7$aSources$2fast
=655  \7$aHistory$2fast
=655  \7$aElectronic books. $2local
=700  1\$aPinder, Janice.
=700  1\$aMews, Constant J.
=710  2\$aProject Muse.$edistributor
=830  \0$aBook collections on Project MUSE.
=856  40$zFull text available: $uhttps://muse.jhu.edu/book/292/
=945  \\$aProject MUSE - Archive Complete Foundation
=945  \\$aProject MUSE - Archive Literature Foundation

