=LDR  02304cam a22005054a 4500
=001  musev2_293
=003  MdBmJHUP
=005  20241011030653.0
=006  m\\\\\o\\d\\\\\\\\
=007  cr||||||||nn|n
=008  070620s2007\\\\pau\\\\\o\\\\\\00\0\eng\d
=010  \\$z  2007025869
=020  \\$a9780271034973
=035  \\$a(OCoLC)233649522
=040  \\$aMdBmJHUP$cMdBmJHUP
=043  \\$ae-fr---
=050  04$aPQ673$b.R64 2007
=082  0\$a843/.91099287$222
=100  1\$aRogers, Juliette M.,$d1961-
=245  10$aCareer Stories : $bBelle Époque Novels of Professional Development / $cJuliette M. Rogers.
=264  \1$aUniversity Park, Pa. :$bPennsylvania State University Press,$c2007.
=264  \3$aBaltimore, Md. :$bProject MUSE, $c2011
=264  \4$c©2007.
=300  \\$a1 online resource (260 pages).
=336  \\$atext$btxt$2rdacontent
=337  \\$acomputer$bc$2rdamedia
=338  \\$aonline resource$bcr$2rdacarrier
=490  0\$aRomance studies
=504  \\$aIncludes bibliographical references (p. [231]-238) and index.
=505  0\$aInnovation and education : historical contexts from the Belle Epoque -- Literary contexts : Bildungsroman, Erziehungsroman, Berufsroman -- Dreams and disappointments : women's education novels -- Cervelines : women scientists in novels of professional development -- Independantes : professional women writers -- The composite : women lawyers in Les dames du palais -- After the war.
=506  0\$aOpen Access$fUnrestricted online access$2star
=588  \\$aDescription based on print version record.
=650  \0$aProfessions in literature.
=650  \0$aWomen and literature$zFrance$xHistory$y19th century.
=650  \0$aWomen and literature$zFrance$xHistory$y20th century.
=650  \0$aFrench fiction$y19th century$xHistory and criticism.
=650  \0$aFrench fiction$y20th century$xHistory and criticism.
=650  \0$aFrench fiction$xWomen authors$xHistory and criticism.
=655  \7$aElectronic books. $2local
=710  2\$aProject Muse.$edistributor
=830  \0$aPenn State Romance studies.
=830  \0$aBook collections on Project MUSE.
=856  40$zFull text available: $uhttps://muse.jhu.edu/book/293/
=945  \\$aProject MUSE - Archive Complete Foundation
=945  \\$aProject MUSE - Archive History Foundation

