=LDR  02113cam a22004574a 4500
=001  musev2_294
=003  MdBmJHUP
=005  20241011030653.0
=006  m\\\\\o\\d\\\\\\\\
=007  cr||||||||nn|n
=008  081017s2009\\\\pau\\\\\o\\\\\\00\0\eng\d
=010  \\$z  2008045779
=020  \\$a9780271078618
=035  \\$a(OCoLC)613344605
=040  \\$aMdBmJHUP$cMdBmJHUP
=043  \\$ae-sp---
=050  04$aPQ6081$b.M53 2009
=082  0\$a861/.0440903$222
=100  1\$aMiddlebrook, Leah,$d1966-
=245  10$aImperial Lyric : $bNew Poetry and New Subjects in Early Modern Spain / $cLeah Middlebrook.
=264  \1$aUniversity Park, Pa. :$bPennsylvania State University Press,$c2009.
=264  \3$aBaltimore, Md. :$bProject MUSE, $c2011
=264  \4$c©2009.
=300  \\$a1 online resource (206 pages).
=336  \\$atext$btxt$2rdacontent
=337  \\$acomputer$bc$2rdamedia
=338  \\$aonline resource$bcr$2rdacarrier
=490  0\$aPenn State Romance studies
=504  \\$aIncludes bibliographical references and index.
=505  0\$aSonnetization : Acuña, Boscán, Castillejo, and the politics of form -- Otro tiempo llore y ahora canto : Juan Boscán Courtierizes song -- Imperial pastoral : Gutierre de Cetina writes the home empire -- Heroic lyric.
=506  0\$aOpen Access$fUnrestricted online access$2star
=520  \\$a"Examines poetry and ideology in Early Modern Spain. Includes eight representative Peninsular writers and one poet from the Americas to demonstrate the shifting ideologies of the self, language and the state that mark watersheds for European and American modernity"--Provided by publisher.
=588  \\$aDescription based on print version record.
=650  \0$aBallads, Spanish$xHistory and criticism.
=655  \7$aElectronic books. $2local
=710  2\$aProject Muse.$edistributor
=830  \0$aPenn State Romance studies.
=830  \0$aBook collections on Project MUSE.
=856  40$zFull text available: $uhttps://muse.jhu.edu/book/294/
=945  \\$aProject MUSE - Archive Complete Foundation
=945  \\$aProject MUSE - Archive Literature Foundation

