=LDR  02413cam a22005054a 4500
=001  musev2_295
=003  MdBmJHUP
=005  20241011030654.0
=006  m\\\\\o\\d\\\\\\\\
=007  cr||||||||nn|n
=008  090211s2009\\\\pau\\\\\o\\\\\\00\0\eng\d
=010  \\$z  2009003734
=020  \\$a9780271058832
=035  \\$a(OCoLC)785940938
=040  \\$aMdBmJHUP$cMdBmJHUP
=050  04$aPQ221$b.D64 2009
=082  0\$a840.9/37$222
=100  1\$aDoggett, Laine E.
=245  10$aLove Cures : $bHealing and Love Magic in Old French Romance / $cLaine E. Doggett.
=264  \1$aUniversity Park, Pa. :$bPennsylvania State University Press,$c2009.
=264  \3$aBaltimore, Md. :$bProject MUSE, $c2011
=264  \4$c&copy;2009.
=300  \\$a1 online resource (304 pages).
=336  \\$atext$btxt$2rdacontent
=337  \\$acomputer$bc$2rdamedia
=338  \\$aonline resource$bcr$2rdacarrier
=490  0\$aPenn State Romance studies
=504  \\$aIncludes bibliographical references (p. [268]-286) and index.
=505  0\$aIntroduction -- Background considerations -- On artifice and realism : Thessala in Chretien de Troyes's Cliges -- Tristan and Iseut : beyond a symbolic reading of empirical practice -- Tristan and Iseut : empirical practice amidst competing claims -- Love and medicine in the Roman de silence -- Reworked elements in Amadas et Ydoine -- Conclusion.
=506  0\$aOpen Access$fUnrestricted online access$2star
=520  \\$a"Examines literary portrayals of women who practice healing and love magic, and argues that these figures were modeled on informally trained practitioners common in the magico-medical paradigm of the high Middle Ages, and were well-respected and successful"--Provided by publisher.
=588  \\$aDescription based on print version record.
=650  \0$aHealing in literature.
=650  \0$aLove in literature.
=650  \0$aMagic in literature.
=650  \0$aWomen healers in literature.
=650  \0$aFrench literature$yTo 1500$xHistory and criticism.
=650  \0$aRomances$xHistory and criticism.
=655  \7$aElectronic books. $2local
=710  2\$aProject Muse.$edistributor
=830  \0$aPenn State Romance studies.
=830  \0$aBook collections on Project MUSE.
=856  40$zFull text available: $uhttps://muse.jhu.edu/book/295/
=945  \\$aProject MUSE - Archive Complete Foundation
=945  \\$aProject MUSE - Archive History Foundation

