=LDR  01930cam a22004814a 4500
=001  musev2_296
=003  MdBmJHUP
=005  20241011030655.0
=006  m\\\\\o\\d\\\\\\\\
=007  cr||||||||nn|n
=008  070509s2007\\\\pau\\\\\o\\\\\\00\0\eng\d
=010  \\$z  2007019589
=020  \\$a9780271034966
=020  \\$z9780271032665
=035  \\$a(OCoLC)233649486
=040  \\$aMdBmJHUP$cMdBmJHUP
=043  \\$ae-fr---
=050  04$aPQ653$b.K43 2007
=082  0\$a843/.70935222$222
=100  1\$aKelly, Dorothy,$d1952-
=245  10$aReconstructing Woman : $bFrom Fiction to Reality in the Nineteenth-Century French Novel / $cDorothy Kelly.
=264  \1$aUniversity Park, Pa. :$bPennsylvania State University Press,$c2007.
=264  \3$aBaltimore, Md. :$bProject MUSE, $c2011
=264  \4$c&copy;2007.
=300  \\$a1 online resource (184 pages).
=336  \\$atext$btxt$2rdacontent
=337  \\$acomputer$bc$2rdamedia
=338  \\$aonline resource$bcr$2rdacarrier
=490  0\$aRomance studies
=504  \\$aIncludes bibliographical references (p. [165]-170) and index.
=505  0\$aThe science of control -- Transformation, creation, and inscription: Balzac -- Women, language, and reality: Flaubert -- Rewriting reproduction: Zola -- Villiers and human inscription -- The power of language.
=506  0\$aOpen Access$fUnrestricted online access$2star
=588  \\$aDescription based on print version record.
=650  \0$aSex role in literature.
=650  \0$aWomen in literature.
=650  \0$aFrench fiction$y19th century$xHistory and criticism.
=655  \7$aElectronic books. $2local
=710  2\$aProject Muse.$edistributor
=830  \0$aPenn State Romance studies.
=830  \0$aBook collections on Project MUSE.
=856  40$zFull text available: $uhttps://muse.jhu.edu/book/296/
=945  \\$aProject MUSE - Archive Complete Foundation
=945  \\$aProject MUSE - Archive Literature Foundation

