=LDR  02920cam a22005054a 4500
=001  musev2_297
=003  MdBmJHUP
=005  20241011030655.0
=006  m\\\\\o\\d\\\\\\\\
=007  cr||||||||nn|n
=008  080805s2009\\\\pau\\\\\o\\\\\\00\0\eng\d
=010  \\$z  2008034080
=020  \\$a9780271036519
=035  \\$a(OCoLC)404976811
=040  \\$aMdBmJHUP$cMdBmJHUP
=043  \\$acl-----
=050  04$aPQ7081.5$b.L35 2009
=082  0\$a863/.5099287$222
=100  1\$aLaGreca, Nancy,$d1972-
=245  10$aRewriting Womanhood : $bFeminism, Subjectivity, and the Angel of the House in the Latin American Novel, 1887-1903 / $cNancy LaGreca.
=264  \1$aUniversity Park, Pa. :$bPennsylvania State University Press,$c2009.
=264  \3$aBaltimore, Md. :$bProject MUSE, $c2012
=264  \4$c©2009.
=300  \\$a1 online resource (216 pages).
=336  \\$atext$btxt$2rdacontent
=337  \\$acomputer$bc$2rdamedia
=338  \\$aonline resource$bcr$2rdacarrier
=490  0\$aThe Penn State Romance studies series
=504  \\$aIncludes bibliographical references (p. [177]-193) and index.
=505  0\$aWomen's imagined roles in nineteenth-century Mexico : seclusion in the midst of progress and early feminist reactions -- Coming of age(ncy) : Refugio Barragín de Toscano's La hija del bandido -- Women in Peru : national and private struggles for independence -- New models for new women : rethinking Cinderella's virtues and humanizing the stepmother in Mercedes Cabello de Carbonera's Blanca sol -- Women as body in Puerto Rico : medicine, morality, and institutionalizations of sexual oppression in the long nineteenth century -- Sexual agency in Ana Roque's Luz y sombra : a subversion of the essentialized woman.
=506  0\$aOpen Access$fUnrestricted online access$2star
=520  \\$a"An historical and theoretical literary study of three Latin American women writers, Refugio Barragán of Mexico, Mercedes Cabello de Carbonera of Peru, and Ana Roque of Puerto Rico. Examines how these novelists subversively rewrote womanhood vis à vis the prescribed comportment for women during a conservative era"--Provided by publisher.
=588  \\$aDescription based on print version record.
=650  \0$aWomen in literature.
=650  \0$aFeminism and literature$zLatin America.
=650  \0$aSpanish American literature$y19th century$xHistory and criticism.
=650  \0$aSpanish American literature$xWomen authors$xHistory and criticism.
=655  \7$aElectronic books. $2local
=710  2\$aProject Muse.$edistributor
=830  \0$aPenn State Romance studies.
=830  \0$aBook collections on Project MUSE.
=856  40$zFull text available: $uhttps://muse.jhu.edu/book/297/
=945  \\$aProject MUSE - Archive Complete Foundation
=945  \\$aProject MUSE - Archive Literature Foundation
=945  \\$aProject MUSE - Archive Latin American and Caribbean Studies Foundation

