=LDR  01727cam a22004694a 4500
=001  musev2_462
=003  MdBmJHUP
=005  20241011030853.0
=006  m\\\\\o\\d\\\\\\\\
=007  cr||||||||nn|n
=008  090519s2010\\\\mdu\\\\\o\\\\\\00\0\eng\d
=010  \\$z  2009020308
=020  \\$a9781421427935
=020  \\$z9780801898402
=020  \\$z9780801894169
=035  \\$a(OCoLC)608691509
=040  \\$aMdBmJHUP$cMdBmJHUP
=043  \\$an-us---
=050  04$aR838$b.B37 2010
=082  0\$a610.71/173$222
=100  1\$aBarr, Donald A.
=245  10$aQuestioning the Premedical Paradigm : $bEnhancing Diversity in the Medical Profession a Century after the Flexner Report / $cDonald A. Barr.
=264  \1$aBaltimore :$bJohns Hopkins University Press,$c2010.
=264  \3$aBaltimore, Md. :$bProject MUSE, $c2012
=264  \4$c&copy;2010.
=300  \\$a1 online resource (240 pages): $bill. ;
=336  \\$atext$btxt$2rdacontent
=337  \\$acomputer$bc$2rdamedia
=338  \\$aonline resource$bcr$2rdacarrier
=504  \\$aIncludes bibliographical references (p. [199]-219) and index.
=506  0\$aOpen Access$fUnrestricted online access$2star
=588  \\$aDescription based on print version record.
=650  22$aPhysicians$zUnited States.
=650  22$aCultural Diversity$zUnited States.
=650  12$aEducation, Premedical$zUnited States.
=650  \0$aPremedical education$zUnited States.
=655  \7$aElectronic books. $2local
=710  2\$aProject Muse.$edistributor
=830  \0$aBook collections on Project MUSE.
=856  40$zFull text available: $uhttps://muse.jhu.edu/book/462/
=945  \\$aProject MUSE - 2010 Political Science and Policy Studies
=945  \\$aProject MUSE - 2010 Complete

