=LDR  02259cam a22004934a 4500
=001  musev2_467
=003  MdBmJHUP
=005  20241011030856.0
=006  m\\\\\o\\d\\\\\\\\
=007  cr||||||||nn|n
=008  090520s2010\\\\mdu\\\\\o\\\\\\00\0\eng\d
=010  \\$z  2009020233
=020  \\$a9781421427690
=020  \\$z9780801898778
=020  \\$z9780801894138
=035  \\$a(OCoLC)649906432
=040  \\$aMdBmJHUP$cMdBmJHUP
=043  \\$an-us---
=050  04$aHQ125.U6$bK45 2010
=082  0\$a363.40973/09041$222
=100  1\$aKeire, Mara L.$q(Mara Laura),$d1967-
=245  10$aFor Business and Pleasure : $bRed-Light Districts and the Regulation of Vice in the United States, 1890-1933 / $cMara L. Keire.
=264  \1$aBaltimore :$bJohns Hopkins University Press,$c2010.
=264  \3$aBaltimore, Md. :$bProject MUSE, $c2012
=264  \4$c&copy;2010.
=300  \\$a1 online resource (248 pages): $bill. ;
=336  \\$atext$btxt$2rdacontent
=337  \\$acomputer$bc$2rdamedia
=338  \\$aonline resource$bcr$2rdacarrier
=490  0\$aStudies in industry and society
=504  \\$aIncludes bibliographical references and index.
=505  0\$aIntroduction: It's a wonderful life: red-light districts and anti-vice reform -- Segregating vice, 1890-1909 -- The sporting world, 1890-1917 -- Race, riots, and red-light districts, 1906-1910 -- The vice trust: a reinterpretation of the white slavery scare, 1907-1917 -- The war on vice, 1910-1919 -- The syndicate: prohibition and the rise of organized crime, 1919-1933 -- Conclusion: progressivism, prohibition, and policy options.
=506  0\$aOpen Access$fUnrestricted online access$2star
=588  \\$aDescription based on print version record.
=650  \0$aVice control$zUnited States$xHistory$y20th century.
=650  \0$aProstitution$zUnited States$xHistory$y20th century.
=650  \0$aRed-light districts$zUnited States$xHistory$y20th century.
=655  \7$aElectronic books. $2local
=710  2\$aProject Muse.$edistributor
=830  \0$aStudies in industry and society.
=830  \0$aBook collections on Project MUSE.
=856  40$zFull text available: $uhttps://muse.jhu.edu/book/467/
=945  \\$aProject MUSE - 2010 History
=945  \\$aProject MUSE - 2010 Complete

