=LDR  01856cam a22004454a 4500
=001  musev2_470
=003  MdBmJHUP
=005  20241011030900.0
=006  m\\\\\o\\d\\\\\\\\
=007  cr||||||||nn|n
=008  090720s2010\\\\mdu\\\\\o\\\\\\00\0\eng\d
=010  \\$z  2009026947
=020  \\$a9781421428222
=020  \\$z9780801899133
=020  \\$z9780801894404
=035  \\$a(OCoLC)794700354
=040  \\$aMdBmJHUP$cMdBmJHUP
=050  04$aTK6547$b.F76 2010
=082  0\$a621.384/152097309041$222
=100  1\$aFrost, Gary Lewis.
=245  10$aEarly FM Radio : $bIncremental Technology in Twentieth-Century America / $cGary L. Frost.
=264  \1$aBaltimore, Md. :$bJohns Hopkins University Press,$c2010.
=264  \3$aBaltimore, Md. :$bProject MUSE, $c2012
=264  \4$c&copy;2010.
=300  \\$a1 online resource (208 pages): $bill. ;
=336  \\$atext$btxt$2rdacontent
=337  \\$acomputer$bc$2rdamedia
=338  \\$aonline resource$bcr$2rdacarrier
=504  \\$aIncludes bibliographical references and index.
=505  0\$aAM and FM radio before 1920 -- Congestion and frequency-modulation research, 1913-1933 -- RCA, Armstrong, and the acceleration of FM research, 1926-1933 -- The serendipitous discovery of staticless radio, 1915-1935 -- FM pioneers, RCA, and the reshaping of wideband FM radio, 1935-1940.
=506  0\$aOpen Access$fUnrestricted online access$2star
=588  \\$aDescription based on print version record.
=650  \0$aRadio frequency modulation$xTransmitters and transmission$xHistory.
=648  \7$aGeschichte 1913-1940$2swd
=655  \7$aElectronic books. $2local
=710  2\$aProject Muse.$edistributor
=830  \0$aBook collections on Project MUSE.
=856  40$zFull text available: $uhttps://muse.jhu.edu/book/470/
=945  \\$aProject MUSE - 2010 History
=945  \\$aProject MUSE - 2010 Complete

