=LDR  02025cam a22005054a 4500
=001  musev2_472
=003  MdBmJHUP
=005  20241011030901.0
=006  m\\\\\o\\d\\\\\\\\
=007  cr||||||||nn|n
=008  090807s2010\\\\mdu\\\\\o\\\\\\00\0\eng\d
=010  \\$z  2009030638
=020  \\$a9781421428055
=020  \\$z9780801894640
=020  \\$z9780801899164
=035  \\$a(OCoLC)794700379
=040  \\$aMdBmJHUP$cMdBmJHUP
=043  \\$an-us-sc
=050  04$aF274.M67$bG56 2010
=082  0\$a975.7/041092$aB$222
=100  1\$aGinsberg, Benjamin.
=245  10$aMoses of South Carolina : $bA Jewish Scalawag during Radical Reconstruction / $cBenjamin Ginsberg.
=264  \1$aBaltimore, Md. :$bJohns Hopkins University Press,$c2010.
=264  \3$aBaltimore, Md. :$bProject MUSE, $c2012
=264  \4$c&copy;2010.
=300  \\$a1 online resource (240 pages): $bill. ;
=336  \\$atext$btxt$2rdacontent
=337  \\$acomputer$bc$2rdamedia
=338  \\$aonline resource$bcr$2rdacarrier
=504  \\$aIncludes bibliographical references and index.
=505  0\$aA southern Moses -- The making of a scalawag -- Reinventing South Carolina's government -- Speaker Moses -- Governor Moses -- Exiled from the promised land -- Coda.
=506  0\$aOpen Access$fUnrestricted online access$2star
=588  \\$aDescription based on print version record.
=600  10$aMoses, Franklin Israel,$d1838-1906.
=650  \0$aReconstruction (U.S. history, 1865-1877)$zSouth Carolina.
=650  \0$aLegislators$zSouth Carolina$vBiography.
=650  \0$aGovernors$zSouth Carolina$vBiography.
=651  \0$aSouth Carolina$xPolitics and government$y1865-1950.
=610  20$aRepublican Party (S.C.)$xHistory$y19th century.
=655  \7$aElectronic books. $2local
=710  2\$aProject Muse.$edistributor
=830  \0$aBook collections on Project MUSE.
=856  40$zFull text available: $uhttps://muse.jhu.edu/book/472/
=945  \\$aProject MUSE - 2010 US Regional Studies, South
=945  \\$aProject MUSE - 2010 Complete

