=LDR  02542cam a22005294a 4500
=001  musev2_473
=003  MdBmJHUP
=005  20241011030902.0
=006  m\\\\\o\\d\\\\\\\\
=007  cr||||||||nn|n
=008  090612s2010\\\\mdu\\\\\o\\\\\\00\0\eng\d
=010  \\$z  2009023832
=020  \\$a9781421428017
=020  \\$z9780801894299
=020  \\$z9780801899195
=035  \\$a(OCoLC)793202948
=040  \\$aMdBmJHUP$cMdBmJHUP
=043  \\$ae-yu---
=050  04$aDR1255$b.B63 2010
=082  0\$a949.703$222
=100  1\$aBoduszyński, Mieczysław P.,$d1974-
=245  10$aRegime Change in the Yugoslav Successor States : $bDivergent Paths toward a New Europe / $cMieczysław P. Boduszyński.
=264  \1$aBaltimore, Md. :$bJohns Hopkins University Press,$c2010.
=264  \3$aBaltimore, Md. :$bProject MUSE, $c2012
=264  \4$c©2010.
=300  \\$a1 online resource (360 pages): $bill., map ;
=336  \\$atext$btxt$2rdacontent
=337  \\$acomputer$bc$2rdamedia
=338  \\$aonline resource$bcr$2rdacarrier
=490  0\$aDemocratic transition and consolidation
=504  \\$aIncludes bibliographical references and index.
=505  00$gIntroduction:$tExplaining regime change in the Yugoslav successor states --$tPost-communist diversity --$tCharacterizing regime type --$tThe development of disparity --$tSimulated democracy : Croatia's transition in the 1990s --$tSimulated democracy : Slovenia's transition in the 1990s --$tIllegitimate democracy : Macedonia's transition in the 1990s --$tPopulist authoritarianism : the Federal Republic of Yugoslavia's transition in the 1990s --$tThe Yugoslav successor states in the new millenium --$gConclusions.
=506  0\$aOpen Access$fUnrestricted online access$2star
=588  \\$aDescription based on print version record.
=650  \0$aDemocracy$zFormer Yugoslav republics.
=650  \0$aPost-communism$zFormer Yugoslav republics.
=650  \0$aSelf-determination, National$zFormer Yugoslav republics.
=650  \0$aRegime change$zFormer Yugoslav republics.
=651  \0$aFormer Yugoslav republics$xForeign relations.
=651  \0$aFormer Yugoslav republics$xPolitics and government.
=655  \7$aElectronic books. $2local
=710  2\$aProject Muse.$edistributor
=830  \0$aDemocratic transition and consolidation.
=830  \0$aBook collections on Project MUSE.
=856  40$zFull text available: $uhttps://muse.jhu.edu/book/473/
=945  \\$aProject MUSE - 2010 Political Science and Policy Studies
=945  \\$aProject MUSE - 2010 Complete

