=LDR  02580cam a22005294a 4500
=001  musev2_474
=003  MdBmJHUP
=005  20241011030902.0
=006  m\\\\\o\\d\\\\\\\\
=007  cr||||||||nn|n
=008  100112s2010\\\\mdu\\\\\o\\\\\\00\0\eng\d
=010  \\$z  2010001218
=020  \\$a9781421428086
=020  \\$z9780801897214
=020  \\$z9780801899218
=035  \\$a(OCoLC)794700395
=040  \\$aMdBmJHUP$cMdBmJHUP
=043  \\$ae-uk---
=050  04$aPR447$b.R28 2010
=082  0\$a820.9/145$222
=100  1\$aRajan, Tilottama.
=245  10$aRomantic Narrative : $bShelley, Hays, Godwin, Wollstonecraft / $cTilottama Rajan.
=264  \1$aBaltimore :$bJohns Hopkins University Press,$c2010.
=264  \3$aBaltimore, Md. :$bProject MUSE, $c2012
=264  \4$c&copy;2010.
=300  \\$a1 online resource (312 pages).
=336  \\$atext$btxt$2rdacontent
=337  \\$acomputer$bc$2rdamedia
=338  \\$aonline resource$bcr$2rdacarrier
=504  \\$aIncludes bibliographical references and index.
=505  0\$aThe trauma of lyric: Shelley's missed encounter with poetry in Alastor -- Shelley's Promethean narratives: gothic anamorphoses in Zastrozzi, St. Irvyne, and Prometheus unbound -- Unbinding the personal: autonarration, epistolarity and genotext in Mary Hays' Memoirs of Emma Courtney -- The scene of judgment: trial and confession in Godwin's Caleb Williams and other fiction -- Gambling, alchemy, speculation: Godwin's critique of pure reason in St. Leon -- Whose text?: Godwin's editing of Mary Wollstonecraft's The wrongs of woman.
=506  0\$aOpen Access$fUnrestricted online access$2star
=588  \\$aDescription based on print version record.
=650  \0$aRomanticism$zGreat Britain.
=650  \0$aEnglish fiction$y18th century$xHistory and criticism$xTheory, etc.
=650  \0$aEnglish literature$y19th century$xHistory and criticism$xTheory, etc.
=650  \0$aEnglish literature$y18th century$xHistory and criticism$xTheory, etc.
=600  10$aWollstonecraft, Mary,$d1759-1797$xCriticism and interpretation.
=600  10$aGodwin, William,$d1756-1836$xCriticism and interpretation.
=600  10$aHays, Mary,$d1759 or 60-1843$xCriticism and interpretation.
=600  10$aShelley, Percy Bysshe,$d1792-1822$xCriticism and interpretation.
=655  \7$aElectronic books. $2local
=710  2\$aProject Muse.$edistributor
=830  \0$aBook collections on Project MUSE.
=856  40$zFull text available: $uhttps://muse.jhu.edu/book/474/
=945  \\$aProject MUSE - 2010 Literature
=945  \\$aProject MUSE - 2010 Complete

