=LDR  03382cam a22004334a 4500
=001  musev2_475
=003  MdBmJHUP
=005  20241011030903.0
=006  m\\\\\o\\d\\\\\\\\
=007  cr||||||||nn|n
=008  231216s2010\\\\xx\\\\\\o\\\\\\00\0\eng\d
=020  \\$a9781421428062
=020  \\$z9780801899249
=020  \\$z9780801895074
=035  \\$a(OCoLC)794700403
=040  \\$aMdBmJHUP$cMdBmJHUP
=082  0\$a828/.509$qOCoLC$222/eng/20240417
=100  1\$aMoore, Sean D.$4auth
=245  10$aSwift, the Book, and the Irish Financial Revolution : $bSatire and Sovereignty in Colonial Ireland
=264  \1$bJohns Hopkins University Press$c2010.
=264  \3$aBaltimore, Md. :$bProject MUSE, $c2012
=264  \4$c&copy;2010.
=300  \\$a1 online resource (288 pages).
=336  \\$atext$btxt$2rdacontent
=337  \\$acomputer$bc$2rdamedia
=338  \\$aonline resource$bcr$2rdacarrier
=506  0\$aOpen Access$fUnrestricted online access$2star
=520  \\$aWinner, 2010 Donald Murphy Prize for a Distinguished First Book, American Conference on Irish StudiesRenowned as one of the most brilliant satirists ever, Jonathan Swift has long fascinated Hibernophiles beyond the shores of the Emerald Isle. Sean Moore's examination of Swift's writings and the economics behind the distribution of his work elucidates the humorist's crucial role in developing a renewed sense of nationalism among the Irish during the eighteenth century.Taking Swift's Irish satires, such as A Modest Proposal and the Drapier's Letters, as examples of anticolonial discourse, Moore unpacks the author's carefully considered published words and his deliberate drive to liberate the Dublin publishing industry from England's shadow to argue that the writer was doing nothing less than creating a national print media. He points to the actions of Anglo-Irish colonial subjects at the outset of Britain's financial revolution; inspired by Swift's dream of a sovereign Ireland, these men and women harnessed the printing press to disseminate ideas of cultural autonomy and defend the country's economic rights. Doing so, Moore contends, imbued the island with a sense of Irishness that led to a feeling of independence from England and ultimately gave the Irish a surprising degree of financial autonomy. Applying postcolonial, new economic, and book history approaches to eighteenth-century studies, Swift, the Book, and the Irish Financial Revolution effectively links the era's critiques of empire to the financial and legal motives for decolonization. Scholars of colonialism, postcolonialism, Irish studies, Atlantic studies, Swift, and the history of the book will find Moore's eye-opening arguments original and compelling.
=546  \\$aEnglish.
=588  \\$aDescription based on print version record.
=650  \7$aLiterature: history & criticism.$2bicssc
=653  \\$aLiterature: history & criticism
=655  \7$aElectronic books. $2local
=758  \\$ihas work:$aSwift, the book, and the Irish financial revolution (Text)$1https://id.oclc.org/worldcat/entity/E39PCH4JWRtbTgJVF88jchQtjy$4https://id.oclc.org/worldcat/ontology/hasWork
=710  2\$aProject Muse.$edistributor
=830  \0$aBook collections on Project MUSE.
=856  40$zFull text available: $uhttps://muse.jhu.edu/book/475/
=945  \\$aProject MUSE - 2010 Literature
=945  \\$aProject MUSE - 2010 Complete

