=LDR  03130camaa22004454a 4500
=001  musev2_477
=003  MdBmJHUP
=005  20241011030905.0
=006  m\\\\\o\\d\\\\\\\\
=007  cr||||||||nn|n
=008  230206s2010\\\\xx\\\\\\o\\\\\\00\0\eng\d
=020  \\$a9781421427997
=020  \\$z9780801896255
=020  \\$z9780801899263
=035  \\$a(OCoLC)794700420
=040  \\$aMdBmJHUP$cMdBmJHUP
=041  \\$aeng
=082  0\$a944/.026092$qOCoLC$222/eng/20231120
=100  1\$aAdams, Tracy.$4auth
=245  10$aThe Life and Afterlife of Isabeau of Bavaria
=264  \1$bJohns Hopkins University Press$c2010.
=264  \3$aBaltimore, Md. :$bProject MUSE, $c2012
=264  \4$c&copy;2010.
=300  \\$a1 online resource (368 pages).
=336  \\$atext$btxt$2rdacontent
=337  \\$acomputer$bc$2rdamedia
=338  \\$aonline resource$bcr$2rdacarrier
=506  0\$aOpen Access$fUnrestricted online access$2star
=520  \\$aThe fascinating history of Isabeau of Bavaria is a tale of two queens. During her lifetime, Isabeau, the long-suffering wife of mad King Charles VI of France, was respected and revered. After her death, she was reviled as an incompetent regent, depraved adulteress, and betrayer of the throne. Asserting that there is no historical support for this posthumous reputation, Tracy Adams returns Isabeau to her rightful place in history. Adulteress and traitor--two charges long leveled against the queen--are the first subjects of Adam's reinterpretation of medieval French history. Scholars have concluded that the myths of Isabeau's scandalous past are just that: rumors that evolved after her death in the context of a political power struggle. Unfortunately, this has not prevented the lies from finding their way into respected studies on the period. Adams's own work serves as a corrective, rehabilitating the reputation of the good queen and exploring the larger topic of memory and the creation of myth. Adams next challenges the general perception that the queen lacked political acumen. With her husband incapacitated by insanity, Isabeau was forced to rule a country ripped apart by feuding, power-hungry factions. Adams argues that Isabeau handled her role astutely in such a contentious environment, preserving the monarchy from the incursions of the king's powerful male relatives. Taking issue with history's harsh treatment of a woman who ruled under difficult circumstances, Adams convincingly recasts Isabeau as a respected and competent queen.
=546  \\$aEnglish.
=588  \\$aDescription based on print version record.
=650  \7$aBiography: royalty.$2bicssc
=653  \\$aBiography: royalty
=655  \7$aElectronic books. $2local
=758  \\$ihas work:$aThe Life and Afterlife of Isabeau of Bavaria (Text)$1https://id.oclc.org/worldcat/entity/E39PCFBCrPX3Hf84rPBJx4wPV3$4https://id.oclc.org/worldcat/ontology/hasWork
=710  2\$aProject Muse.$edistributor
=830  \0$aBook collections on Project MUSE.
=856  40$zFull text available: $uhttps://muse.jhu.edu/book/477/
=945  \\$aProject MUSE - 2010 History
=945  \\$aProject MUSE - 2010 Complete

