=LDR  01968cam a22004934a 4500
=001  musev2_478
=003  MdBmJHUP
=005  20241011030906.0
=006  m\\\\\o\\d\\\\\\\\
=007  cr||||||||nn|n
=008  100223s2010\\\\mdu\\\\\o\\\\\\00\0\eng\d
=010  \\$z  2010007499
=020  \\$a9781421428109
=020  \\$z9780801899270
=020  \\$z9780801897566
=035  \\$a(OCoLC)794925313
=040  \\$aMdBmJHUP$cMdBmJHUP
=050  04$aBH301.C88$bB83 2010
=082  0\$a190.9/04$222
=100  1\$aBuch, Robert.
=245  14$aThe Pathos of the Real : $bOn the Aesthetics of Violence in the Twentieth Century / $cRobert Buch.
=264  \1$aBaltimore :$bJohns Hopkins University Press,$c2010.
=264  \3$aBaltimore, Md. :$bProject MUSE, $c2012
=264  \4$c©2010.
=300  \\$a1 online resource (232 pages).
=336  \\$atext$btxt$2rdacontent
=337  \\$acomputer$bc$2rdamedia
=338  \\$aonline resource$bcr$2rdacarrier
=490  0\$aRethinking theory
=504  \\$aIncludes bibliographical references (p. 197-212) and index.
=505  0\$aIn praise of cruelty: Bataille, Kafka, and ling'-chi -- Fragmentary description of a disaster: Claude Simon -- The resistance to pathos and the pathos of resistance: Peter Weiss -- Medeamachine: the "fallout" of violence in Heiner Müller -- Epilogue.
=506  0\$aOpen Access$fUnrestricted online access$2star
=588  \\$aDescription based on print version record.
=650  \0$aReality$xHistory$y20th century.
=650  \0$aPathos$xHistory$y20th century.
=650  \0$aViolence$xHistory$y20th century.
=650  \0$aCruelty$xHistory$y20th century.
=650  \0$aAesthetics, Modern$y20th century.
=655  \7$aElectronic books. $2local
=710  2\$aProject Muse.$edistributor
=830  \0$aBook collections on Project MUSE.
=856  40$zFull text available: $uhttps://muse.jhu.edu/book/478/
=945  \\$aProject MUSE - 2010 Literature
=945  \\$aProject MUSE - 2010 Complete

