=LDR  04291cam a22006854a 4500
=001  musev2_482
=003  MdBmJHUP
=005  20241011030908.0
=006  m\\\\\o\\d\\\\\\\\
=007  cr||||||||nn|n
=008  091215s2010\\\\mdu\\\\\o\\\\\\00\0\eng\d
=010  \\$z  2009052702
=020  \\$a9781421428079
=020  \\$z9780801899430
=020  \\$z9780801897009
=035  \\$a(OCoLC)794700351
=040  \\$aMdBmJHUP$cMdBmJHUP
=043  \\$an-us---
=050  04$aBX8129.M5$bS54 2010
=082  0\$a289.7/7308996073$222
=100  1\$aShearer, Tobin Miller,$d1965-
=245  10$aDaily Demonstrators : $bThe Civil Rights Movement in Mennonite Homes and Sanctuaries / $cTobin Miller Shearer.
=264  \1$aBaltimore, Md. :$bJohns Hopkins University Press,$c2010.
=264  \3$aBaltimore, Md. :$bProject MUSE, $c2012
=264  \4$c©2010.
=300  \\$a1 online resource (392 pages): $bill.
=336  \\$atext$btxt$2rdacontent
=337  \\$acomputer$bc$2rdamedia
=338  \\$aonline resource$bcr$2rdacarrier
=490  0\$aYoung Center books in Anabaptist & Pietist studies
=504  \\$aIncludes bibliographical references (p. [329]-343) and index.
=505  0\$aA separated history -- Prayer covered protest -- Fresh air disruption -- Vincent Harding's dual demonstration -- The wedding march -- Congregational campaign -- The Manifesto movement -- A new cvil rights story.
=506  0\$aOpen Access$fUnrestricted online access$2star
=520  \\$aThe Mennonites, with their long tradition of peaceful protest and commitment to equality, were castigated by the Reverend Martin Luther King Jr. for not showing up on the streets to support the civil rights movement. Daily Demonstrators shows how the civil rights movement played out in Mennonite homes and churches from the 1940s through the 1960s.In the first book to bring together Mennonite religious history and civil rights movement history, Tobin Miller Shearer discusses how the civil rights movement challenged Mennonites to explore whether they, within their own church, were truly as committed to racial tolerance and equality as they might like to believe. Shearer shows the surprising role of children in overcoming the racial stereotypes of white adults. Reflecting the transformation taking place in the nation as a whole, Mennonites had to go through their own civil rights struggle before they came to accept interracial marriages and integrated congregations.Based on oral history interviews, photographs, letters, minutes, diaries, and journals of white and African-American Mennonites, this fascinating book further illuminates the role of race in modern American religion.
=546  \\$aEnglish.
=588  \\$aDescription based on print version record.
=610  27$aMennonite Church$2fast
=610  27$aGeneral Conference Mennonite Church$2fast
=610  20$aGeneral Conference Mennonite Church$xHistory$y20th century.
=610  20$aMennonite Church$xHistory$y20th century.
=650  \7$aCivil rights movements$2fast
=650  \7$aProtestantism & Protestant Churches.$2bicssc
=650  \6$aMouvements des droits de l'homme$zÉtats-Unis$xHistoire$y20e siecle.
=650  \0$aCivil rights movements$zUnited States$xHistory$y20th century.
=650  \0$aRace relations$xReligious aspects$xGeneral Conference Mennonite Church$xHistory$y20th century.
=650  \0$aCivil rights$xReligious aspects$xGeneral Conference Mennonite Church$xHistory$y20th century.
=650  \0$aRace relations$xReligious aspects$xMennonite Church$xHistory$y20th century.
=650  \0$aCivil rights$xReligious aspects$xMennonite Church$xHistory$y20th century.
=648  \7$a1900-1999$2fast
=651  \7$aUnited States$2fast$1https://id.oclc.org/worldcat/entity/E39PBJtxgQXMWqmjMjjwXRHgrq
=653  \\$aProtestantism & Protestant Churches
=655  \7$aHistory$2fast
=655  \7$aElectronic books. $2local
=710  2\$aProject Muse.$edistributor
=830  \0$aYoung Center books in Anabaptist & Pietist studies.
=830  \0$aBook collections on Project MUSE.
=856  40$zFull text available: $uhttps://muse.jhu.edu/book/482/
=945  \\$aProject MUSE - 2010 Philosophy and Religion
=945  \\$aProject MUSE - Archive American Studies Foundation
=945  \\$aProject MUSE - 2010 Complete

