=LDR  01765cam a22004574a 4500
=001  musev2_494
=003  MdBmJHUP
=005  20241011030918.0
=006  m\\\\\o\\d\\\\\\\\
=007  cr||||||||nn|n
=008  091120s2010\\\\mdu\\\\\o\\\\\\00\0\eng\d
=010  \\$z  2009046114
=020  \\$a9781421428024
=020  \\$z9780801895814
=020  \\$z9780801895807
=020  \\$z9780801899959
=035  \\$a(OCoLC)794700373
=040  \\$aMdBmJHUP$cMdBmJHUP
=050  04$aQ175.32.K45$bR67 2010
=082  0\$a501$222
=100  1\$aRosen, Joe,$d1937-
=245  10$aLawless Universe : $bScience and the Hunt for Reality / $cJoe Rosen.
=264  \1$aBaltimore :$bJohns Hopkins University Press,$c2010.
=264  \3$aBaltimore, Md. :$bProject MUSE, $c2012
=264  \4$c&copy;2010.
=300  \\$a1 online resource (200 pages).
=336  \\$atext$btxt$2rdacontent
=337  \\$acomputer$bc$2rdamedia
=338  \\$aonline resource$bcr$2rdacarrier
=504  \\$aIncludes bibliographical references and index.
=505  0\$aObjective or subjective : that is the question -- The science of nature and the nature of science -- Theory : explanation, not speculation -- Is science the whole story? -- Our unique universe -- Nature's laws -- Facing the universe -- The hunt for reality.
=506  0\$aOpen Access$fUnrestricted online access$2star
=588  \\$aDescription based on print version record.
=650  \0$aScience$xPhilosophy.
=650  \0$aObjectivity.
=655  \7$aElectronic books. $2local
=710  2\$aProject Muse.$edistributor
=830  \0$aBook collections on Project MUSE.
=856  40$zFull text available: $uhttps://muse.jhu.edu/book/494/
=945  \\$aProject MUSE - 2010 Philosophy and Religion
=945  \\$aProject MUSE - 2010 Complete

