=LDR  02285cam a22005294a 4500
=001  musev2_687
=003  MdBmJHUP
=005  20241011031205.0
=006  m\\\\\o\\d\\\\\\\\
=007  cr||||||||nn|n
=008  100407s2010\\\\miu\\\\\o\\\\\\00\0\eng\d
=010  \\$z  2010014033
=020  \\$a9780472900374
=020  \\$z9780472071098
=020  \\$z9780472051090
=020  \\$z9780472027446
=035  \\$a(OCoLC)687690065
=040  \\$aMdBmJHUP$cMdBmJHUP
=043  \\$an-us-mi
=050  04$aHV8883$b.A44 2010
=082  0\$a365/.66$222
=100  1\$aAlexander, William,$d1938-
=245  10$aIs William Martinez Not Our Brother? : $bTwenty Years of the Prison Creative Arts Project / $cBuzz Alexander.
=264  \1$aAnn Arbor :$bUniversity of Michigan Library,$c2010.
=264  \3$aBaltimore, Md. :$bProject MUSE, $c2012
=264  \4$c&copy;2010.
=300  \\$a1 online resource (400 pages): $bill. (some col.) ;
=336  \\$atext$btxt$2rdacontent
=337  \\$acomputer$bc$2rdamedia
=338  \\$aonline resource$bcr$2rdacarrier
=490  0\$aThe new public scholarship series
=504  \\$aIncludes bibliographical references and index.
=505  0\$aThe beginning -- Is William Martinez not our brother?  -- The University courses -- The Workshops -- A Matter of Language --This is our bridge ... and we built it ourselves : The Annual Exhibition of Art by Michigan Prisoners -- Is the Scapegoat Not Our Brother? -- The Prison Creative Arts Project : crafted out of newspaper, modge podge, paint, and glitter -- Failure -- The PCAP Associates : places like Rwanda.
=506  0\$aOpen Access$fUnrestricted online access$2star
=588  \\$aDescription based on print version record.
=610  20$aPrison Creative Arts Project$xHistory.
=650  \0$aPrisoners$xEducation$zMichigan.
=650  \0$aCommunity arts projects$zMichigan.
=650  \0$aPrisoners as artists$zMichigan.
=650  \0$aArts in prisons$zMichigan.
=655  \7$aElectronic books. $2local
=710  2\$aProject Muse.$edistributor
=830  \0$aNew public scholarship.
=830  \0$aBook collections on Project MUSE.
=856  40$zFull text available: $uhttps://muse.jhu.edu/book/687/
=945  \\$aProject MUSE - 2010 Global Cultural Studies
=945  \\$aProject MUSE - 2010 Complete

