=LDR  02482cmm a22004094a 4500
=001  musev2_708
=003  MdBmJHUP
=005  20241011031230.0
=006  m\\\\\o\\d\\\\\\\\
=007  cr||||||||nn|n
=008  210604s2021\\\\pau\\\\\o\\\\\\00\0\eng\d
=020  \\$a9780271056630
=020  \\$z9780271035659
=035  \\$a(OCoLC)780532226
=040  \\$aMdBmJHUP$cMdBmJHUP
=082  0\$a841.109$222
=100  1\$aWright, Monica L.$eVerfasser.$4aut
=245  10$aWeaving Narrative : $bClothing in Twelfth-Century French Romance / $cMonica L. Wright.
=264  \1$aUniversity Park, PA$bPenn State University Press$c[2021]
=264  \3$aBaltimore, Md. :$bProject MUSE, $c2012
=264  \4$c&copy;[2021]
=300  \\$a1 online resource (192 pages).
=336  \\$atext$btxt$2rdacontent
=337  \\$acomputer$bc$2rdamedia
=338  \\$aonline resource$bcr$2rdacarrier
=490  0\$aPenn State Romance Studies ;$v10
=506  0\$aOpen Access$fUnrestricted online access$2star
=520  \\$aEnide's tattered dress and Erec's fabulous coronation robe; Yvain's nudity in the forest, which prevents maidens who know him well clothed from identifying him; Lanval's fairy-lady parading about in the Arthurian court, scantily dressed, for all to observe: just why is clothing so important in twelfth-century French romance? This interdisciplinary book explores how writers of this era used clothing as a signifier with multiple meanings for many narrative purposes. Clothing figured prominently in twelfth-century France, where exotic fabrics and furs came to define a social elite. Monica Wright shows that representations of clothing are not mere embellishments to the text; they help form the textual weave of the romances in which they appear. This book is about how these descriptions are constructed, what they mean, and how clothing becomes an active part of romance composition-the ways in which writers use it to develop and elaborate character, to advance or stall the plot, and to structure the narrative generally.
=546  \\$aIn English.
=588  \\$aDescription based on print version record.
=650  \7$aLITERARY CRITICISM / European / French.$2bisacsh
=655  \7$aElectronic books. $2local
=710  2\$aProject Muse.$edistributor
=830  \0$aBook collections on Project MUSE.
=856  40$zFull text available: $uhttps://muse.jhu.edu/book/708/
=945  \\$aProject MUSE - Archive Complete Foundation
=945  \\$aProject MUSE - Archive Literature Foundation

