=LDR  03178cam a22006254a 4500
=001  musev2_780
=003  MdBmJHUP
=005  20241011031322.0
=006  m\\\\\o\\d\\\\\\\\
=007  cr||||||||nn|n
=008  100402s2010\\\\cou\\\\\o\\\\\\00\0\eng\d
=020  \\$a9781607320425
=020  \\$z9780870819513
=035  \\$a(OCoLC)593297009
=040  \\$aMdBmJHUP$cMdBmJHUP
=100  1\$aLind, Michael.
=245  14$aThe Lords of Lambityeco : $bPolitical Evolution in the Valley of Oaxaca during the Xoo Phase / $cMichael Lind and Javier Urcid ; illustrations by Elbis Domínguez Covarrubias.
=264  \1$aBoulder, Colo. :$bUniversity Press of Colorado,$c2010.
=264  \3$aBaltimore, Md. :$bProject MUSE, $c2012
=264  \4$c©2010.
=300  \\$a1 online resource (448 pages): $billustrations, maps
=336  \\$atext$btxt$2rdacontent
=337  \\$acomputer$bc$2rdamedia
=338  \\$aonline resource$bcr$2rdacarrier
=490  0\$aMesoamerican worlds: from the Olmecs to the Danzantes
=505  0\$aLambityeco in the Valley of Oaxaca -- Lambityeco : the economic basis -- Site structure and community organization -- Excavations in mound 195 sub : structures 195-6, 195-5, and 195-4 -- Structure 195-3 -- Tomb 6 -- The houses of tomb 3 and tomb 4 -- Mound 195 : structures 195-2 and 195-1 -- Political evolution during the Xoo phase and the collapse of Monte Albán.
=506  0\$aOpen Access$fUnrestricted online access$2star
=520  \\$a"The definitive volume of this Late Classic site. ... an important contribution to Oaxaca archaeology and to understanding Monte Alb at its peak and during its demise." Veronica Perez Rodriguez, American Anthropologist.
=546  \\$aEnglish.
=588  \\$aDescription based on print version record.
=651  \7$aMexico$zOaxaca Valley.$2fast$0(OCoLC)fst01242898
=651  \7$aMexico$zLambityeco Site.$2fast$0(OCoLC)fst01881000
=651  \6$aLambityeco (Mexique : Site archeologique)
=651  \0$aOaxaca Valley (Mexico)$xAntiquities.
=651  \0$aLambityeco Site (Mexico)
=650  \7$aZapotec Indians$xPolitics and government.$2fast$0(OCoLC)fst01184073
=650  \7$aZapotec Indians$xAntiquities.$2fast$0(OCoLC)fst01184062
=650  \7$aSocial archaeology.$2fast$0(OCoLC)fst01122274
=650  \7$aExcavations (Archaeology)$2fast$0(OCoLC)fst00917564
=650  \7$aAntiquities.$2fast$0(OCoLC)fst00810745
=650  \7$aSOCIAL SCIENCE$xGeneral.$2bisacsh
=650  \7$aHISTORY.$2bisacsh
=650  \6$aArcheologie sociale$zMexique$zOaxaca, Vallee d'.
=650  \6$aFouilles (Archeologie)$zMexique$zLambityeco (Site archeologique)
=650  \0$aSocial archaeology$zMexico$zOaxaca Valley.
=650  \0$aZapotec Indians$xPolitics and government.
=650  \0$aZapotec Indians$xAntiquities.
=650  \0$aExcavations (Archaeology)$zMexico$zLambityeco Site.
=655  \7$aElectronic books. $2local
=700  1\$aUrcid, Javier.
=710  2\$aProject Muse.$edistributor
=830  \0$aBook collections on Project MUSE.
=856  40$zFull text available: $uhttps://muse.jhu.edu/book/780/
=945  \\$aProject MUSE - 2010 Archaeology and Anthropology
=945  \\$aProject MUSE - 2010 Complete

