=LDR  01929cam a22004694a 4500
=001  musev2_1074
=003  MdBmJHUP
=005  20241011031654.0
=006  m\\\\\o\\d\\\\\\\\
=007  cr||||||||nn|n
=008  091116s2010\\\\utu\\\\\o\\\\\\00\0\eng\d
=010  \\$z  2009047228
=020  \\$a9780874217681
=020  \\$z9780874217674
=035  \\$a(OCoLC)635954981
=040  \\$aMdBmJHUP$cMdBmJHUP
=050  04$aPE1404$b.D3887 2010
=082  0\$a808/.0420711$222
=100  1\$aDenny, Harry C.
=245  10$aFacing the Center : $bToward an Identity Politics of One-to-One Mentoring / $cHarry C. Denny.
=264  \1$aLogan, Utah :$bUtah State University Press,$c2010.
=264  \3$aBaltimore, Md. :$bProject MUSE, $c2012
=264  \4$c&copy;2010.
=300  \\$a1 online resource (188 pages).
=336  \\$atext$btxt$2rdacontent
=337  \\$acomputer$bc$2rdamedia
=338  \\$aonline resource$bcr$2rdacarrier
=504  \\$aIncludes bibliographical references and index.
=505  0\$aIdentity politics, face, and the pedagogy of one-to-one mentoring of writing -- Facing race & ethnicity in the writing center -- Facing class in the writing center -- Facing sex & gender in the writing center -- Facing nationality in the writing center -- Facing the center redux.
=506  0\$aOpen Access$fUnrestricted online access$2star
=588  \\$aDescription based on print version record.
=650  \0$aMulticultural education.
=650  \0$aMentoring.
=650  \0$aWriting centers$xPolitical aspects.
=650  \0$aReport writing$xStudy and teaching (Higher)
=650  \0$aEnglish language$xRhetoric$xStudy and teaching.
=655  \7$aElectronic books. $2local
=710  2\$aProject Muse.$edistributor
=830  \0$aBook collections on Project MUSE.
=856  40$zFull text available: $uhttps://muse.jhu.edu/book/1074/
=945  \\$aProject MUSE - 2010 Higher Education
=945  \\$aProject MUSE - 2010 Complete

