=LDR  06201cam a22006854a 4500
=001  musev2_1075
=003  MdBmJHUP
=005  20241011031654.0
=006  m\\\\\o\\d\\\\\\\\
=007  cr||||||||nn|n
=008  101101s2010\\\\utu\\\\\o\\\\\\00\0\eng\d
=020  \\$a9780874217827
=020  \\$z9780874217810
=035  \\$a(OCoLC)676698480
=040  \\$aMdBmJHUP$cMdBmJHUP
=050  \4$aPN1995.9.F34$bF35 2010eb
=082  0\$a791.43/6559$222
=245  00$aFairy Tale Films : $bVisions of Ambiguity / $cPauline Greenhill and Sidney Eve Matrix, editors ; [foreword by Jack Zipes].
=264  \1$aLogan, Utah :$bUtah State University Press,$c2010.
=264  \3$aBaltimore, Md. :$bProject MUSE, $c2012
=264  \4$c&copy;2010.
=300  \\$a1 online resource (277 pages).
=336  \\$atext$btxt$2rdacontent
=337  \\$acomputer$bc$2rdamedia
=338  \\$aonline resource$bcr$2rdacarrier
=504  \\$aIncludes filmography (pages 239-243).
=504  \\$aIncludes bibliographical references (pages 221-238) and index.
=505  00$tForeword: Grounding the spell : the fairy tale film and transformation /$rJack Zipes --$tIntroduction: Envisioning ambiguity : fairy tale films /$rPauline Greenhill and Sidney Eve Matrix --$tMixing it up : generic complexity and gender ideology in early twenty-first century fairy tale films /$rCristina Bacchilega and John Rieder --$tBuilding the perfect product : the commodification of childhood in contemporary fairy tale film /$rNaarah Sawers --$tThe parallelism of the fantastic and the real : Guillermo del Toro's Pan's labyrinth/El Laberinto del fauno and neomagical realism /$rTracie D. Lukasiewicz --$tFitting the glass slipper : a comparative study of the princess's role in the Harry Potter novels and films /$rMing-Hsun Lin --$tThe shoe still fits : Ever after and the pursuit of a feminist Cinderella /$rChristy Williams --$tMourning mothers and seeing siblings : feminism and place in The juniper tree /$rPauline Greenhill and Anne Brydon --$tDisney's Enchanted : patriarchal backlash and nostalgia in a fairy tale film /$rLinda Pershing with Lisa Gablehouse --$tFairy tale film in the classroom : feminist cultural pedagogy, Angela Carter, and Neil Jordan's The company of wolves /$rKim Snowden --$tA secret midnight ball and a magic cloak of invisibility : the cinematic folklore of Stanley Kubrick's Eyes wide shut /$rSidney Eve Matrix --$tTim Burton and the idea of fairy tales /$rBrian Ray.
=506  0\$aOpen Access$fUnrestricted online access$2star
=520  \\$aTo set the field: fairy tales are traditional or literary fictional narratives that combine human and non-human protagonists with elements of wonder and the supernatural. Scholars of literature and film explore how such narratives manifest in film, either native to it or changelings from written literature or oral tradition. Among the topics are the commodification of childhood in contemporary fairy tale film, Guillermo del Toro's Pan's Labyrinth/El Laberinto del fauno and neomagical realism, feminism and place in The Juniper Tree, patriarchal backlash and nostalgia in Disney's Enchanted, feminist cultural pedagogy in Angela Carter and Neil Jordan's The Company of Wolves, and a secret midnight ball and a magic cloak in Stanley Kubrick's Eyes Wide Shut.
=520  \\$a"In this, the first collection of essays to address the development of fairy tale film as a genre, Pauline Greenhill and Sidney Eve Matrix stress, "the mirror of fairy-tale film reflects not so much what its audience members actually are but how they see themselves and their potential to develop (or, likewise, to regress)." As Jack Zipes says further in the foreword, "Folk and fairy tales pervade our lives constantly through television soap operas and commercials, in comic books and cartoons, in school plays and storytelling performances, in our superstitions and prayers for miracles, and in our dreams and daydreams. The artistic re-creations of fairy-tale plots and characters in film--the parodies, the aesthetic experimentation, and the mixing of genres to engender new insights into art and life-- mirror possibilities of estranging ourselves from designated roles, along with the conventional patterns of the classical tales." Here, scholars from film, folklore, and cultural studies move discussion beyond the well-known Disney movies to the many other filmic adaptations of fairy tales and to the widespread use of fairy tale tropes, themes, and motifs in cinema."--Publisher's description
=546  \\$aEnglish.
=583  1\$adigitized$c2011$hHathiTrust Digital Library$lcommitted to preserve$2pda$5MiAaHDL
=588  0\$aDescription based on print version record.
=650  \7$aFairy tales in motion pictures$2fast
=650  \7$aFairy tales$2fast
=650  \7$aSOCIAL SCIENCE$xGeneral.$2bisacsh
=650  \7$aPERFORMING ARTS$xFilm & Video$xReference.$2bisacsh
=650  \6$aContes de fees$vAdaptations cinematographiques.
=650  \6$aContes de fees au cinema.
=650  \0$aFairy tales$vFilm adaptations.
=650  \0$aFairy tales in motion pictures.
=655  \7$aTheses et ecrits academiques.$2rvmgf
=655  \7$aAdaptations cinematographiques.$2rvmgf
=655  \7$aAcademic theses.$2lcgft
=655  \7$aFilm adaptations.$2lcgft
=655  \7$aFilm adaptations$2fast
=655  \7$adissertations.$2aat
=655  \7$aElectronic books. $2local
=700  1\$aZipes, Jack,$d1937-$1https://id.oclc.org/worldcat/entity/E39PBJrWD36TJ6KryV3Mh3hvHC
=700  1\$aMatrix, Sidney Eve.
=700  1\$aGreenhill, Pauline.
=758  \\$ihas work:$aFairy tale films (Text)$1https://id.oclc.org/worldcat/entity/E39PCFVBm3dvyKhCVfjj38vMpq$4https://id.oclc.org/worldcat/ontology/hasWork
=776  18$iPrint version:$tFairy tale films.$dLogan, Utah : Utah State University Press, 2010$z9780874217810$w(DLC)  2010021567$w(OCoLC)635468328
=773  0\$tBooks at JSTOR: Open Access$dJSTOR
=710  2\$aProject Muse.$edistributor
=830  \0$aBook collections on Project MUSE.
=856  40$zFull text available: $uhttps://muse.jhu.edu/book/1075/
=945  \\$aProject MUSE - 2010 Film, Theater and Performing Arts
=945  \\$aProject MUSE - 2010 Complete

