=LDR  03551cam a22005654a 4500
=001  musev2_1076
=003  MdBmJHUP
=005  20241011031655.0
=006  m\\\\\o\\d\\\\\\\\
=007  cr||||||||nn|n
=008  100825s2010\\\\utu\\\\\o\\\\\\00\0\eng\d
=020  \\$a9780874217704
=020  \\$z9780874217698
=035  \\$a(OCoLC)658044698
=040  \\$aMdBmJHUP$cMdBmJHUP
=043  \\$an-us---
=050  \4$aLB1631$b.G6156 2010eb
=082  0\$a428.0071/2$222
=245  00$aGoing Public : $bWhat Writing Programs Learn from Engagement / $cedited by Shirley K. Rose, Irwin Weiser.
=264  \1$aLogan, Utah :$bUtah State University Press,$c2010.
=264  \3$aBaltimore, Md. :$bProject MUSE, $c2012
=264  \4$c©2010.
=300  \\$a1 online resource (266 pages): $billustrations
=336  \\$atext$btxt$2rdacontent
=337  \\$acomputer$bc$2rdamedia
=338  \\$aonline resource$bcr$2rdacarrier
=504  \\$aIncludes bibliographical references.
=505  00$tInfrastructure Outreach and the Engaged Writing Program --$tCentering Community Literacy --$tThe Arkansas Delta Oral History Project --$tThe Illusion of Transparency at an HSI --$tA Hybrid Genre Supports Hybrid Roles in Community-UniversityCollaboration --$tApprenticing Civic and Political Engagement in the First Year Writing Program --$tWearing Multiple Hats --$tStudents, Faculty and "Sustainable" WPA Work --$tThe Writing Center as Site for Engagement --$tNot Politics as Usual --$tComing Down from the Ivory Tower --$tThe WPA as Activist.
=506  0\$aOpen Access$fUnrestricted online access$2star
=520  \\$aAn important new resource for WPA preparation courses in rhetoric and composition PhD programs. In Going Public, Rose and Weiser moderate a discussion of the role of the writing program vis-a-vis the engagement movement, the service learning movement, and current interest in public discourse/civic rhetoric among scholars of rhetoric and composition. This is a thoughtful collection on the ways that engagement-focused programs may be changing conceptions of WPA identity. As institutions begin to include more explicit engagement with citizen and stakeholder communities as an.
=546  \\$aEnglish.
=588  0\$aDescription based on print version record.
=650  \7$aLanguage arts (Secondary)$2fast
=650  \7$aEnglish language$xStudy and teaching (Secondary)$2fast
=650  \7$aLANGUAGE ARTS & DISCIPLINES$xComposition & Creative Writing.$2bisacsh
=650  \7$aLANGUAGE ARTS & DISCIPLINES$xGeneral.$2bisacsh
=650  \6$aArts du langage (Secondaire)$zÉtats-Unis.
=650  \0$aLanguage arts (Secondary)$zUnited States.
=650  \0$aEnglish language$xStudy and teaching (Secondary)$zUnited States.
=651  \7$aUnited States$2fast$1https://id.oclc.org/worldcat/entity/E39PBJtxgQXMWqmjMjjwXRHgrq
=655  \7$aElectronic books. $2local
=700  1\$aWeiser, Irwin.
=700  1\$aRose, Shirley K.$1https://id.oclc.org/worldcat/entity/E39PCjHG6cDyVhMJgwm4mqC9tC
=758  \\$ihas work:$aGoing public (Text)$1https://id.oclc.org/worldcat/entity/E39PCFC6cpcVHvkJKqK9qt3MCP$4https://id.oclc.org/worldcat/ontology/hasWork
=776  18$iPrint version:$tGoing public.$dLogan, Utah : Utah State University Press, 2010$z9780874217698$w(DLC)  2010000768$w(OCoLC)489014181
=710  2\$aProject Muse.$edistributor
=830  \0$aBook collections on Project MUSE.
=856  40$zFull text available: $uhttps://muse.jhu.edu/book/1076/
=945  \\$aProject MUSE - 2010 Higher Education
=945  \\$aProject MUSE - 2010 Complete

