=LDR  02192cam a22004934a 4500
=001  musev2_1077
=003  MdBmJHUP
=005  20241011031656.0
=006  m\\\\\o\\d\\\\\\\\
=007  cr||||||||nn|n
=008  100713s2010\\\\utu\\\\\o\\\\\\00\0\eng\d
=010  \\$z  2010029181
=020  \\$a9780874217940
=020  \\$z9780874219487
=020  \\$z9780874217933
=035  \\$a(OCoLC)699521244
=040  \\$aMdBmJHUP$cMdBmJHUP
=043  \\$aa-ja---
=050  04$aGR340$b.R35 2010
=082  0\$a398.20952$222
=100  1\$aReider, Noriko T.
=245  10$aJapanese Demon Lore : $bOni from Ancient Times to the Present / $cNoriko T. Reider.
=264  \1$aLogan, Utah :$bUtah State University Press,$c2010.
=264  \3$aBaltimore, Md. :$bProject MUSE, $c2012
=264  \4$c&copy;2010.
=300  \\$a1 online resource (267 pages): $bill. ;
=336  \\$atext$btxt$2rdacontent
=337  \\$acomputer$bc$2rdamedia
=338  \\$aonline resource$bcr$2rdacarrier
=504  \\$aIncludes bibliographical references (p. 210-230) and index.
=505  0\$aAn overview: what are oni? -- Shuten Doji (drunken demon): a medieval story of the carnivalesque and the rise of warriors and fall of oni -- Women spurned, revenge of oni women: gender and space -- Yamauba, the mountain ogress: old hag to voluptuous mother -- Oni in urban culture: de-demonization of the oni -- The oni and Japanese identity: enemies of the Japanese empire in and out of the imperial army -- Sex, violence, and victimization: modern oni and lonely Japanese -- Oni in manga, anime, and film -- Oni without negatives: selfless and surrealistic oni.
=506  0\$aOpen Access$fUnrestricted online access$2star
=588  \\$aDescription based on print version record.
=650  \0$aSpirits.
=650  \0$aSupernatural.
=650  \0$aLegends$zJapan.
=650  \0$aFolklore$zJapan.
=650  \0$aDemonology$zJapan.
=655  \7$aElectronic books. $2local
=710  2\$aProject Muse.$edistributor
=830  \0$aBook collections on Project MUSE.
=856  40$zFull text available: $uhttps://muse.jhu.edu/book/1077/
=945  \\$aProject MUSE - 2010 Global Cultural Studies
=945  \\$aProject MUSE - 2010 Complete

