=LDR  01472cam a22004334a 4500
=001  musev2_1078
=003  MdBmJHUP
=005  20241011031656.0
=006  m\\\\\o\\d\\\\\\\\
=007  cr||||||||nn|n
=008  091124s2010\\\\utu\\\\\o\\\\\\00\0\eng\d
=010  \\$z  2009048012
=020  \\$a9780874217421
=020  \\$z9780874217414
=035  \\$a(OCoLC)646068312
=040  \\$aMdBmJHUP$cMdBmJHUP
=043  \\$an-us-ut
=050  04$aSK301$b.A97 2010
=082  0\$a799.2/7653$222
=100  1\$aAustin, Dennis D.
=245  10$aMule Deer : $bA Handbook for Utah Hunters and Landowners / $cDennis D. Austin.
=264  \1$aLogan, Utah :$bUtah State University Press,$c2010.
=264  \3$aBaltimore, Md. :$bProject MUSE, $c2012
=264  \4$c&copy;2010.
=300  \\$a1 online resource (296 pages): $bill., map ;
=336  \\$atext$btxt$2rdacontent
=337  \\$acomputer$bc$2rdamedia
=338  \\$aonline resource$bcr$2rdacarrier
=504  \\$aIncludes bibliographical references and index.
=506  0\$aOpen Access$fUnrestricted online access$2star
=588  \\$aDescription based on print version record.
=650  \0$aWildlife management$zUtah.
=650  \0$aMule deer$zUtah.
=650  \0$aMule deer hunting$zUtah.
=655  \7$aElectronic books. $2local
=710  2\$aProject Muse.$edistributor
=830  \0$aBook collections on Project MUSE.
=856  40$zFull text available: $uhttps://muse.jhu.edu/book/1078/
=945  \\$aProject MUSE - 2010 Complete

