=LDR  03485cam a22004694a 4500
=001  musev2_1079
=003  MdBmJHUP
=005  20241011031659.0
=006  m\\\\\o\\d\\\\\\\\
=007  cr||||||||nn|n
=008  100830s2010\\\\utu\\\\\o\\\\\\00\0\eng\d
=020  \\$a9780874217742
=020  \\$z9780874217735
=035  \\$a(OCoLC)659561142
=040  \\$aMdBmJHUP$cMdBmJHUP
=245  00$aPeculiar Portrayals : $bMormons on the Page, the Stage and the Screen / $cedited by Mark T. Decker and Michael Austin.
=264  \1$aLogan, Utah :$bUtah State University Press,$c2010.
=264  \3$aBaltimore, Md. :$bProject MUSE, $c2012
=264  \4$c&copy;2010.
=300  \\$a1 online resource (209 pages): $billustrations
=336  \\$atext$btxt$2rdacontent
=337  \\$acomputer$bc$2rdamedia
=338  \\$aonline resource$bcr$2rdacarrier
=505  00$tCenter and periphery: Mormons and American culture in Tony Kushner's Angels in America /$rCristine Hutchison-Jones --$tFour consenting adults in the privacy of their own suburb: Big love and the cultural significance of Mormon polygamy /$rMichael Austin --$tTeaching under the banner of heaven: testing the limits of tolerance in America /$rKevin Kolkmeyer --$tAvenging angels: the Nephi archetype and blood atonement in Neil LaBute, Brian Evenson, and Levi Peterson, and the making of the Mormon American writer /$rJ. Aaron Sanders --$tElders on the big screen: film and the globalized circulation of Mormon missionary images /$rJohn-Charles Duffy --$t"I constructed in my mind a vast, panoramic picture": the miracle life of Edgar Mint and postmodern, postdenominational Mormonism /$rMark T. Decker --$tJane Austen in Mollywood: mainstreaming Mormonism in Andrew Black's Pride & prejudice /$rJuliette Wells --$tReality corrupts, reality television corrupts absolutely /$rKaren D. Austin.
=506  0\$aOpen Access$fUnrestricted online access$2star
=520  \\$a"In a time when Mormons appear to have larger roles in everything from political conflict to television shows and when Mormon-related topics seem to show up more frequently in the news, eight scholars take a close look at Mormonism in popular media: film, television, theater, and books. Some authors examine specific works, including the Tony-winning play Angels in America, the hit TV series Big Love, and the bestselling books Under the Banner of Heaven: A Story of Violent Faith and The Miracle Life of Edgar Mint. Others consider the phenomena of Mormon cinema and Mormon fiction; the use of the Mormon missionary as a stock character in films; and the noticeably prominent presence of Mormons in reality television shows."--Publisher's description
=546  \\$aEnglish.
=588  \\$aDescription based on print version record.
=650  \7$aMormons in mass media$2fast
=650  \7$aPERFORMING ARTS$xGeneral.$2bisacsh
=650  \7$aART$xPerformance.$2bisacsh
=650  \7$aART$xReference.$2bisacsh
=650  \0$aLatter Day Saints in mass media.
=655  \7$aElectronic books. $2local
=700  1\$aAustin, Michael,$d1966-$1https://id.oclc.org/worldcat/entity/E39PCjKDg7gFhyvyMCKwHqC683
=700  1\$aDecker, Mark T.
=710  2\$aProject Muse.$edistributor
=830  \0$aBook collections on Project MUSE.
=856  40$zFull text available: $uhttps://muse.jhu.edu/book/1079/
=945  \\$aProject MUSE - 2010 Film, Theater and Performing Arts
=945  \\$aProject MUSE - Archive American Studies Foundation
=945  \\$aProject MUSE - 2010 Complete

