=LDR  03615cam a22004934a 4500
=001  musev2_1082
=003  MdBmJHUP
=005  20241011031701.0
=006  m\\\\\o\\d\\\\\\\\
=007  cr||||||||nn|n
=008  091116s2010\\\\utu\\\\\o\\\\\\00\0\eng\d
=010  \\$z  2009047229
=020  \\$a9780874217643
=020  \\$z9780874217636
=035  \\$a(OCoLC)613205873
=040  \\$aMdBmJHUP$cMdBmJHUP
=043  \\$an-us---
=050  04$aPE1405.U6$bW46 2010
=082  0\$a808/.0420711$222
=245  00$aWhat We Are Becoming : $bDevelopments in Undergraduate Writing Majors / $cedited by Greg A. Giberson, Thomas A. Moriarty.
=264  \1$aLogan, Utah :$bUtah State University Press,$c2010.
=264  \3$aBaltimore, Md. :$bProject MUSE, $c2012
=264  \4$c&copy;2010.
=300  \\$a1 online resource (302 pages).
=336  \\$atext$btxt$2rdacontent
=337  \\$acomputer$bc$2rdamedia
=338  \\$aonline resource$bcr$2rdacarrier
=504  \\$aIncludes bibliographical references.
=505  0\$aA major in flexibility / Rebecca de Wind Mattingly and Patricia Harkin -- Redefining the undergraduate English writing major: an integrated approach at a small comprehensive university / Randy Brooks, Peiling Zhao, and Carmella Braniger -- Re-storying disciplinary relationships: the development of an undergraduate writing concentration / Lisa Langstraat, Mike Palmquist, and Kate Kiefer -- Outside the English department: Oakland University's writing program and the writing and rhetoric major / Wallis May Andersen -- "Between the idea and the reality-- falls the shadow": the promise and peril of a small college writing major / Kelly Lowe and William Macauley -- The writing major as shared commitment / Rodney F. Dick -- Dancing with our siblings: the unlikely case for a rhetoric major / David Beard -- Writing program development and disciplinary integrity: what's rhetoric got to do with it? / Lori Baker and Teresa Henning -- Remembering the canons' middle sisters: style, memory, and the return of the progymnasmata in the liberal arts writing major / Dominic F. Delli Carpini and Michael J. Zerbe -- Civic rhetoric and the undergraduate major in rhetoric and writing / Thomas A. Moriarty and Greg Giberson -- Composing multiliteracies and image: multimodal writing majors for a creative economy / Joddy Murray -- Not just another pretty classroom genre: the uses of creative nonfiction in the writing major / Celest Martin -- The writing arts major: a work in process / Jennifer Courtney, Deb Martin, and Diane Penrod -- "What exactly is this major?": creating disciplinary identity through an introductory course / Sanford Tweedie, Jennifer Courtney, and William I. Wolff -- Toward a description of undergraduate writing majors / Lee Campbell and Debra Jacobs.
=506  0\$aOpen Access$fUnrestricted online access$2star
=588  \\$aDescription based on print version record.
=650  \0$aEnglish philology$xStudy and teaching (Higher)$zUnited States.
=650  \0$aWriting centers$zUnited States.
=650  \0$aCreative writing (Higher education)$zUnited States.
=650  \0$aReport writing$xStudy and teaching (Higher)$zUnited States.
=650  \0$aEnglish language$xRhetoric$xStudy and teaching (Higher)$zUnited States.
=655  \7$aElectronic books. $2local
=700  1\$aMoriarty, Thomas A.
=700  1\$aGiberson, Greg.
=710  2\$aProject Muse.$edistributor
=830  \0$aBook collections on Project MUSE.
=856  40$zFull text available: $uhttps://muse.jhu.edu/book/1082/
=945  \\$aProject MUSE - 2010 Higher Education
=945  \\$aProject MUSE - 2010 Complete

