=LDR  01970cam a22004934a 4500
=001  musev2_1093
=003  MdBmJHUP
=005  20241011031707.0
=006  m\\\\\o\\d\\\\\\\\
=007  cr||||||||nn|n
=008  100305s2010\\\\miu\\\\\o\\\\\\00\0\eng\d
=010  \\$z  2010007914
=020  \\$a9780472900435
=020  \\$z9780472070985
=020  \\$z9780472026715
=020  \\$z9780472050987
=035  \\$a(OCoLC)864844304
=040  \\$aMdBmJHUP$cMdBmJHUP
=050  04$aGV1469.25.W64$bN37 2010
=082  0\$a793.93$222
=100  1\$aNardi, Bonnie A.
=245  10$aMy Life as a Night Elf Priest : $bAn Anthropological Account of World of Warcraft / $cBonnie A. Nardi.
=264  \1$aAnn Arbor :$bUniversity of Michigan Library,$c2010.
=264  \3$aBaltimore, Md. :$bProject MUSE, $c2012
=264  \4$c&copy;2010.
=300  \\$a1 online resource (244 pages): $bill. ;
=336  \\$atext$btxt$2rdacontent
=337  \\$acomputer$bc$2rdamedia
=338  \\$aonline resource$bcr$2rdacarrier
=490  0\$aTechnologies of the imagination
=504  \\$aIncludes bibliographical references and index.
=505  0\$aWhat is World of warcraft and who plays it? -- An ethnographic invetigation of World of warcraft -- Play as aesthetic experience -- A new medium -- Work, play, and the magic circle -- Addiction -- Theorycraft and mods -- Gender -- Culture : WoW in China-and North America.
=506  0\$aOpen Access$fUnrestricted online access$2star
=588  \\$aDescription based on print version record.
=630  00$aWorld of Warcraft.
=650  \0$aVisual anthropology.
=650  \0$aVirtual reality$xSocial aspects.
=650  \0$aComputer games$xSocial aspects.
=651  \0$aKorea (South)$xSocial aspects.
=655  \7$aElectronic books. $2local
=710  2\$aProject Muse.$edistributor
=830  \0$aTechnologies of the imagination.
=830  \0$aBook collections on Project MUSE.
=856  40$zFull text available: $uhttps://muse.jhu.edu/book/1093/

