=LDR  01786cam a22004574a 4500
=001  musev2_1094
=003  MdBmJHUP
=005  20241011031708.0
=006  m\\\\\o\\d\\\\\\\\
=007  cr||||||||nn|n
=008  090915s2010\\\\miu\\\\\o\\\\\\00\0\eng\d
=010  \\$z  2009038405
=020  \\$a9780472900398
=020  \\$z9780472026876
=020  \\$z9780472050925
=020  \\$z9780472070923
=035  \\$a(OCoLC)651657390
=040  \\$aMdBmJHUP$cMdBmJHUP
=050  04$aGV1469.17.S63$bM95 2010
=082  0\$a794.8$222
=100  1\$aMyers, David,$d1953-
=245  10$aPlay Redux : $bThe Form of Computer Games / $cDavid Myers.
=264  \1$aAnn Arbor :$bThe University of Michigan Library,$c2010.
=264  \3$aBaltimore, Md. :$bProject MUSE, $c2012
=264  \4$c&copy;2010.
=300  \\$a1 online resource (192 pages): $bill. ;
=336  \\$atext$btxt$2rdacontent
=337  \\$acomputer$bc$2rdamedia
=338  \\$aonline resource$bcr$2rdacarrier
=504  \\$aIncludes bibliographical references (p. 173-180) and index.
=505  0\$aBad play -- Anti-ness -- Formalism redux -- Interface and code -- The computer game anti-aesthetic -- Anti-narrative -- The backstory -- Civilization -- Social play -- City of Heroes -- Play and punishment -- Final comments.
=506  0\$aOpen Access$fUnrestricted online access$2star
=588  \\$aDescription based on print version record.
=650  \0$aPlay$xSocial aspects.
=650  \0$aComputer games$xSocial aspects.
=655  \7$aElectronic books. $2local
=710  2\$aProject Muse.$edistributor
=830  \0$aBook collections on Project MUSE.
=856  40$zFull text available: $uhttps://muse.jhu.edu/book/1094/
=945  \\$aProject MUSE - 2010 Film, Theater and Performing Arts
=945  \\$aProject MUSE - 2010 Complete

