=LDR  01447cam a22004094a 4500
=001  musev2_1274
=003  MdBmJHUP
=005  20241011031917.0
=006  m\\\\\o\\d\\\\\\\\
=007  cr||||||||nn|n
=008  100216s2010\\\\utu\\\\\o\\\\\\00\0\eng\d
=010  \\$z  2010004738
=020  \\$a9780874217766
=020  \\$z9780874217759
=035  \\$a(OCoLC)646068479
=040  \\$aMdBmJHUP$cMdBmJHUP
=050  04$aPE1404$b.M359 2010
=082  0\$a808/.0420711$222
=100  1\$aMartin, S. R.$q(Sennie Rudolph),$d1935-
=245  10$aNatural-Born Proud : $bA Revery / $cS.R. Martin, Jr.
=264  \1$aLogan, UT :$bUtah State University Press,$c2010.
=264  \3$aBaltimore, Md. :$bProject MUSE, $c2012
=264  \4$c&copy;2010.
=300  \\$a1 online resource (157 pages).
=336  \\$atext$btxt$2rdacontent
=337  \\$acomputer$bc$2rdamedia
=338  \\$aonline resource$bcr$2rdacarrier
=506  0\$aOpen Access$fUnrestricted online access$2star
=588  \\$aDescription based on print version record.
=650  \0$aUniversities and colleges$xCurricula.
=650  \0$aEnglish language$xRhetoric$xStudy and teaching.
=655  \7$aElectronic books. $2local
=710  2\$aProject Muse.$edistributor
=830  \0$aBook collections on Project MUSE.
=856  40$zFull text available: $uhttps://muse.jhu.edu/book/1274/
=945  \\$aProject MUSE - 2010 Poetry, Fiction and Creative Non-Fiction
=945  \\$aProject MUSE - 2010 Complete

