=LDR  02301cam a22004814a 4500
=001  musev2_1766
=003  MdBmJHUP
=005  20241011032533.0
=006  m\\\\\o\\d\\\\\\\\
=007  cr||||||||nn|n
=008  101119s2011\\\\mdu\\\\\o\\\\\\00\0\eng\d
=010  \\$z  2010046803
=020  \\$a9781421428192
=020  \\$z9781421400662
=020  \\$z9781421404110
=035  \\$a(OCoLC)794700396
=040  \\$aMdBmJHUP$cMdBmJHUP
=050  04$aPN56.R7$bW37 2011
=082  0\$a809/.9145$222
=100  1\$aWang, Orrin Nan Chung,$d1957-
=245  10$aRomantic Sobriety : $bSensation, Revolution, Commodification, History / $cOrrin N.C. Wang.
=264  \1$aBaltimore :$bJohns Hopkins University Press,$c2011.
=264  \3$aBaltimore, Md. :$bProject MUSE, $c2012
=264  \4$c&copy;2011.
=300  \\$a1 online resource (384 pages): $bill. ;
=336  \\$atext$btxt$2rdacontent
=337  \\$acomputer$bc$2rdamedia
=338  \\$aonline resource$bcr$2rdacarrier
=504  \\$aIncludes bibliographical references (p. [289]-355) and index.
=505  0\$aIntroduction: the sensation of romanticism -- Part I: Periodicity. Romantic sobriety; Kant all lit up: romanticism, periodicity, and the catachresis of genius -- Part II: Theory. De man, Marx, Rousseau, and the machine; against theory beside romanticism: mute bodies, fanatical seeing; the sensation of the signifier; ghost theory -- Part III: Texts. Lyric Ritalin: time and history in Ode to the west wind; no satisfaction: high theory, cultural studies, and Don Juan; Gothic thought and surviving romanticism in Zafloya and Jane Eyre; coming attractions: Lamia and cinematic sensation -- Coda. The embarrassment of romanticism.
=506  0\$aOpen Access$fUnrestricted online access$2star
=588  \\$aDescription based on print version record.
=650  \0$aLiterature$xHistory and criticism$xTheory, etc.
=650  \0$aDeconstruction.
=650  \0$aMarxist criticism.
=650  \0$aSenses and sensation in literature.
=650  \0$aRomanticism.
=655  \7$aElectronic books. $2local
=710  2\$aProject Muse.$edistributor
=830  \0$aBook collections on Project MUSE.
=856  40$zFull text available: $uhttps://muse.jhu.edu/book/1766/
=945  \\$aProject MUSE - 2011 Complete
=945  \\$aProject MUSE - 2011 Literature

