=LDR  03030camaa22004214a 4500
=001  musev2_1852
=003  MdBmJHUP
=005  20241011032634.0
=006  m\\\\\o\\d\\\\\\\\
=007  cr||||||||nn|n
=008  230206s2011\\\\xx\\\\\\o\\\\\\00\0\eng\d
=020  \\$a9781421428154
=020  \\$z9781421401126
=020  \\$z9780801899829
=035  \\$a(OCoLC)794700345
=040  \\$aMdBmJHUP$cMdBmJHUP
=041  \\$aeng
=082  0\$a382/.094491201822$qOCoLC$222/eng/20231120
=245  00$aBetween Crown and Commerce : $bMarseille and the Early Modern Mediterranean
=264  \1$bJohns Hopkins University Press$c2011.
=264  \3$aBaltimore, Md. :$bProject MUSE, $c2012
=264  \4$c©2011.
=300  \\$a1 online resource (272 pages).
=336  \\$atext$btxt$2rdacontent
=337  \\$acomputer$bc$2rdamedia
=338  \\$aonline resource$bcr$2rdacarrier
=506  0\$aOpen Access$fUnrestricted online access$2star
=520  \\$aBetween Crown and Commerce examines the relationship between French royal statecraft, mercantilism, and civic republicanism in the context of the globalizing economy of the early modern Mediterranean world. This is the story of how the French Crown and local institutions accommodated one another as they sought to forge acceptable political and commercial relationships with one another for the common goal of economic prosperity. Junko Thérèse Takeda tells this tale through the particular experience of Marseille, a port the monarchy saw as key to commercial expansion in the Mediterranean.At first, Marseille's commercial and political elites were strongly opposed to the Crown's encroaching influence. Rather than dismiss their concerns, the monarchy cleverly co-opted their civic traditions, practices, and institutions to convince the city's elite of their important role in Levantine commerce. Chief among such traditions were local ideas of citizenship and civic virtue. As the city's stature throughout the Mediterranean grew, however, so too did the dangers of commercial expansion as exemplified by the arrival of the bubonic plague. Marseille's citizens reevaluated citizenship and merchant virtue during the epidemic, while the French monarchy's use of the crisis as an opportunity to further extend its power reanimated republican vocabulary.Between Crown and Commerce deftly combines a political and intellectual history of state-building, mercantilism, and republicanism with a cultural history of medical crisis. In doing so, the book highlights the conjoined history of broad transnational processes and local political change.
=546  \\$aEnglish.
=588  \\$aDescription based on print version record.
=650  \7$aEconomic history.$2bicssc
=653  \\$aEconomic history
=655  \7$aElectronic books. $2local
=710  2\$aProject Muse.$edistributor
=830  \0$aBook collections on Project MUSE.
=856  40$zFull text available: $uhttps://muse.jhu.edu/book/1852/
=945  \\$aProject MUSE - 2011 Complete
=945  \\$aProject MUSE - 2011 History

