=LDR  02020cam a22004814a 4500
=001  musev2_1865
=003  MdBmJHUP
=005  20241011032645.0
=006  m\\\\\o\\d\\\\\\\\
=007  cr||||||||nn|n
=008  100430s2011\\\\mdu\\\\\o\\\\\\00\0\eng\d
=010  \\$z  2010017552
=020  \\$a9781421428093
=020  \\$z9780801897696
=020  \\$z9781421401584
=035  \\$a(OCoLC)798295740
=040  \\$aMdBmJHUP$cMdBmJHUP
=043  \\$an-us---
=050  04$aPS705$b.B84 2011
=082  0\$a811/.2$aB$222
=100  1\$aBuel, Richard,$d1933-
=245  10$aJoel Barlow : $bAmerican Citizen in a Revolutionary World / $cRichard Buel Jr.
=264  \1$aBaltimore :$bJohns Hopkins University Press,$c2011.
=264  \3$aBaltimore, Md. :$bProject MUSE, $c2012
=264  \4$c&copy;2011.
=300  \\$a1 online resource (448 pages): $bill. ;
=336  \\$atext$btxt$2rdacontent
=337  \\$acomputer$bc$2rdamedia
=338  \\$aonline resource$bcr$2rdacarrier
=504  \\$aIncludes bibliographical references and index.
=505  0\$aIntroduction -- Beginnings -- Ambitious goals -- Uncharted waters -- Dead ends -- Literary recognition -- Land fever -- Disgrace -- Revolutionary adventurer -- The terror -- Commercial interlude -- Mission to Algiers -- Franco-American crisis -- Republican prophet -- Responding to France's apostasy -- Mixed reception -- Washignton insider -- Europe redux -- Finale.
=506  0\$aOpen Access$fUnrestricted online access$2star
=588  \\$aDescription based on print version record.
=600  10$aBarlow, Joel,$d1754-1812.
=650  \0$aPoliticians$zUnited States$vBiography.
=650  \0$aDiplomats$zUnited States$vBiography.
=650  \0$aPoets, American$y18th century$vBiography.
=655  \7$aElectronic books. $2local
=710  2\$aProject Muse.$edistributor
=830  \0$aBook collections on Project MUSE.
=856  40$zFull text available: $uhttps://muse.jhu.edu/book/1865/
=945  \\$aProject MUSE - 2011 Complete
=945  \\$aProject MUSE - 2011 History

