=LDR  01544cam a22003974a 4500
=001  musev2_1868
=003  MdBmJHUP
=005  20241011032647.0
=006  m\\\\\o\\d\\\\\\\\
=007  cr||||||||nn|n
=008  220902s2011\\\\xx\\\\\\o\\\\\\00\0\eng\d
=020  \\$a9781421428307
=020  \\$z9781421401898
=020  \\$z9780801899317
=035  \\$a(OCoLC)794700357
=040  \\$aMdBmJHUP$cMdBmJHUP
=082  0\$a822/.50938541073$qOCoLC$222/eng/20230216
=100  1\$aO'Quinn, Daniel.
=245  10$aEntertaining Crisis in the Atlantic Imperium, 1770-1790 / 
=264  \1$bJohns Hopkins University Press,$c2011
=264  \3$aBaltimore, Md. :$bProject MUSE, $c2012
=264  \4$c&copy;2011
=300  \\$a1 online resource (440 pages).
=336  \\$atext$btxt$2rdacontent
=337  \\$acomputer$bc$2rdamedia
=338  \\$aonline resource$bcr$2rdacarrier
=506  0\$aOpen Access$fUnrestricted online access$2star
=588  \\$aDescription based on print version record.
=655  \7$aElectronic books. $2local
=758  \\$aEntertaining crisis in the Atlantic imperium, 1770-1790 (Text)$1https://id.oclc.org/worldcat/entity/E39PCGYgmyYjg9p86dxQgCwHmd$4https://id.oclc.org/worldcat/ontology/hasWork
=776  18$iPrint:$tEntertaining Crisis in the Atlantic Imperium, 1770-1790$z142142830X
=710  2\$aProject Muse.$edistributor
=830  \0$aBook collections on Project MUSE.
=856  40$zFull text available: $uhttps://muse.jhu.edu/book/1868/
=945  \\$aProject MUSE - 2011 Complete
=945  \\$aProject MUSE - 2011 Literature

