=LDR  01871cam a22004814a 4500
=001  musev2_1870
=003  MdBmJHUP
=005  20241011032648.0
=006  m\\\\\o\\d\\\\\\\\
=007  cr||||||||nn|n
=008  110113s2011\\\\mdu\\\\\o\\\\\\00\0\eng\d
=010  \\$z  2010052919
=020  \\$a9781421428130
=020  \\$z9781421401973
=020  \\$z9781421402468
=035  \\$a(OCoLC)792928996
=040  \\$aMdBmJHUP$cMdBmJHUP
=043  \\$an-us---
=050  04$aTJ163.25.U6$bG35 2011
=082  0\$a333.790973$222
=100  1\$aGallman, Philip G.
=245  10$aGreen Alternatives and National Energy Strategy : $bThe Facts behind the Headlines / $cPhilip G. Gallman.
=264  \1$aBaltimore :$bJohns Hopkins University Press,$c2011.
=264  \3$aBaltimore, Md. :$bProject MUSE, $c2012
=264  \4$c&copy;2011.
=300  \\$a1 online resource (208 pages): $bill., maps ;
=336  \\$atext$btxt$2rdacontent
=337  \\$acomputer$bc$2rdamedia
=338  \\$aonline resource$bcr$2rdacarrier
=504  \\$aIncludes bibliographical references (p. 167-173) and index.
=505  0\$aConventional energy sources -- Conventional vehicles -- Green vehicles -- Green energy sources -- Conclusions -- Conversions.
=506  0\$aOpen Access$fUnrestricted online access$2star
=588  \\$aDescription based on print version record.
=650  \0$aEnergy resources development$zUnited States.
=650  \0$aEnergy policy$zUnited States.
=650  \0$aFossil fuels$xEnvironmental aspects$zUnited States.
=650  \0$aPower resources$zUnited States.
=655  \7$aElectronic books. $2local
=710  2\$aProject Muse.$edistributor
=830  \0$aBook collections on Project MUSE.
=856  40$zFull text available: $uhttps://muse.jhu.edu/book/1870/
=945  \\$aProject MUSE - 2011 Complete
=945  \\$aProject MUSE - 2011 Political Science and Policy Studies

