=LDR  03523cam a22005774a 4500
=001  musev2_2079
=003  MdBmJHUP
=005  20241011032917.0
=006  m\\\\\o\\d\\\\\\\\
=007  cr||||||||nn|n
=008  110211s2011\\\\cou\\\\\o\\\\\\00\0\eng\d
=010  \\$z  2011005674
=020  \\$a9781607320630
=020  \\$z9781607320623
=035  \\$a(OCoLC)732039644
=040  \\$aMdBmJHUP$cMdBmJHUP
=043  \\$ancho---
=050  04$aF1505.1.N33$bS36 2011
=082  0\$a972.83/01$222
=100  1\$aSchortman, Edward M.
=245  10$aNetworks of Power : $bPolitical Relations in the Late Postclassic Naco Valley / $cEdward Schortman and Patricia Urban.
=264  \1$aBoulder, Colo. :$bUniversity Press of Colorado,$c2011.
=264  \3$aBaltimore, Md. :$bProject MUSE, $c2012
=264  \4$c&copy;2011.
=300  \\$a1 online resource (336 pages): $bill., maps ;
=336  \\$atext$btxt$2rdacontent
=337  \\$acomputer$bc$2rdamedia
=338  \\$aonline resource$bcr$2rdacarrier
=490  0\$aMesoamerican worlds : from the Olmecs to the Danzantes
=504  \\$aIncludes bibliographical references (p. 245-269) and index.
=506  0\$aOpen Access$fUnrestricted online access$2star
=520  \\$aNetworks of Power describes who was involved in these competitions and in which network drew participated; what resources were mustered within these webs; which projects were fueled by these assets; and how, and to what extent, they contributed to the achievement of political aims. --Book Jacket.
=520  \\$aDescribing the material and behavioral patterns pertaining to the Late Postclassic period using components of three settlements in the Naco Valley of northwestern Honduras, the book focuses on how contests for power shaped political structures. Power-seeking individuals, including but not restricted to ruling elites, depended on network of allies to support their political objectives. Ongoing and partially successful competitions waged within networks led to the incorporation of exotic ideas and imported items into the daily practices of all Naco Valley occupants. The result was a fragile hierarchical structure forever vulnerable to the initiatives of agents operating on local and distant stages. --
=520  \\$aLittle is known about how Late Postclassic populations in southeast Mesoamerica organized their political relations. Networks of Power fills gaps in the knowledge of this little-studied area, reconstructing the course of political history in the Naco Valley from the fourteenth through early sixteenth centuries. --
=588  \\$aDescription based on print version record.
=650  \0$aSocial archaeology$zHonduras$zNaco Valley.
=650  \0$aExcavations (Archaeology)$zHonduras$zNaco Valley.
=650  \0$aElite (Social sciences)$zHonduras$zNaco Valley.
=650  \0$aPower (Social sciences)$zHonduras$zNaco Valley.
=650  \0$aMayas$zHonduras$zNaco Valley$xAntiquities.
=650  \0$aMayas$zHonduras$zNaco Valley$xPolitics and government.
=650  \0$aMayas$zHonduras$zNaco Valley$xKings and rulers.
=651  \0$aNaco Valley (Honduras)$xAntiquities.
=655  \7$aElectronic books. $2local
=700  1\$aUrban, Patricia A.$q(Patricia Ann),$d1950-
=710  2\$aProject Muse.$edistributor
=830  \0$aMesoamerican worlds.
=830  \0$aBook collections on Project MUSE.
=856  40$zFull text available: $uhttps://muse.jhu.edu/book/2079/
=945  \\$aProject MUSE - 2011 Complete
=945  \\$aProject MUSE - 2011 Archaeology and Anthropology

