=LDR  03200cam a22007574a 4500
=001  musev2_2097
=003  MdBmJHUP
=005  20241011032931.0
=006  m\\\\\o\\d\\\\\\\\
=007  cr||||||||nn|n
=008  110725s2011\\\\onc\\\\\o\\\\\\00\0\eng\d
=020  \\$a9780776619552
=020  \\$z9780776607641
=035  \\$a(OCoLC)742333255
=040  \\$aMdBmJHUP$cMdBmJHUP
=100  1\$aCao, Huhua.
=245  14$aThe China Challenge : $bSino-Canadian Relations in the 21st Century
=264  \1$aOttawa :$bUniversity of Ottawa Press,$c2011.
=264  \3$aBaltimore, Md. :$bProject MUSE, $c2012
=264  \4$c&copy;2011.
=300  \\$a1 online resource (344 pages).
=336  \\$atext$btxt$2rdacontent
=337  \\$acomputer$bc$2rdamedia
=338  \\$aonline resource$bcr$2rdacarrier
=490  0\$aChina in the 21st century ;$v1
=505  0\$aList of Tables, Figures and Maps; Foreword; Chapter 1: Introduction: Canada's Response to China's Increasing Role in the World; Evolution of Canada-China Relations; Canada-China: The Growing Interdependence; The Chinese Diaspora and Immigration in Canada; Notes on Contributors; Appendix.
=506  0\$aOpen Access$fUnrestricted online access$2star
=520  \\$aCanadian and Chinese experts examine the importance of Sino-Canadian relations and their impact on foreign and domestic policy in Canada.
=546  \\$aEnglish.
=588  \\$aDescription based on print version record.
=651  \7$aChina$2fast$1https://id.oclc.org/worldcat/entity/E39PBJcrd4RjtCBk4wfMhTwwG3
=651  \7$aCanada$2fast$1https://id.oclc.org/worldcat/entity/E39PBJkMHVW4rfVXPrhVP4VwG3
=651  \6$aCanada$xRelations exterieures$zChine.
=651  \6$aChine$xRelations exterieures$zCanada.
=651  \0$aChina$xForeign relations$zCanada.
=651  \0$aCanada$xForeign relations$zChina.
=650  \7$aDiplomatic relations$2fast
=650  \7$aImmigrants$2fast
=650  \7$aChinese$2fast
=650  \7$aHISTORY$zCanada$xGeneral.$2bisacsh
=650  \7$aThe Americas.$2bicssc
=650  \7$aSociety and social sciences Society and social sciences.$2bicssc
=650  \7$aRegional and national history.$2bicssc
=650  \7$aPolitics and government.$2bicssc
=650  \7$aNorth America.$2bicssc
=650  \7$aInternational relations.$2bicssc
=650  \7$aHumanities.$2bicssc
=650  \7$aHistory.$2bicssc
=650  \7$aHistory of the Americas.$2bicssc
=650  \7$aEast Asia, Far East.$2bicssc
=650  \7$aChina.$2bicssc
=650  \7$aCanada.$2bicssc
=650  \7$aAsian history.$2bicssc
=650  \7$aAsia.$2bicssc
=650  \6$aChinois$zCanada.
=650  \6$aImmigrants$zCanada.
=650  \0$aImmigrants$zCanada.
=650  \0$aChinese$zCanada.
=655  \7$aElectronic books. $2local
=700  1\$aPoy, Vivienne,$d1941-$1https://id.oclc.org/worldcat/entity/E39PBJrKT7vfcdHgVpMBmTWqwC
=710  2\$aProject Muse.$edistributor
=830  \0$aBook collections on Project MUSE.
=856  40$zFull text available: $uhttps://muse.jhu.edu/book/2097/
=945  \\$aProject MUSE - 2011 Asian and Pacific Studies
=945  \\$aProject MUSE - 2011 Complete
=945  \\$aProject MUSE - 2011 Political Science and Policy Studies

