=LDR  05867cam a22008534a 4500
=001  musev2_2354
=003  MdBmJHUP
=005  20241011033239.0
=006  m\\\\\o\\d\\\\\\\\
=007  cr||||||||nn|n
=008  070214s2007\\\\utu\\\\\o\\\\\\00\0\eng\d
=010  \\$z  2020719375
=020  \\$a9780874216554
=020  \\$z9780874216547
=035  \\$a(OCoLC)763159142
=040  \\$aMdBmJHUP$cMdBmJHUP
=050  04$aPS3601.L439
=082  0\$a813/.54$222
=100  1\$aAllen-Yazzie, Christine Diane.
=245  14$aArc and the Sediment : $ba Novel / $cChristine Allen-Yazzie.
=264  \1$aLogan, Utah :$bUtah State University Press,$c[2007]
=264  \3$aBaltimore, Md. :$bProject MUSE, $c2012
=264  \4$c©[2007]
=300  \\$a1 online resource (204 pages).
=336  \\$atext$btxt$2rdacontent
=337  \\$acomputer$bc$2rdamedia
=338  \\$aonline resource$bcr$2rdacarrier
=505  00$tThe Plan --$tThe Plan, Amended --$tNew Breasts = New Bras --$tTo Food --$tDear James --$tYou Got to Cut Its Throat --$tHello, Please Help Me --$tHow to Make the World a Better Place --$tJust So You're All Right Now --$tAll That Matters --$tThe Arc and the Sediment --$tA Sore Cursing --$tHello, Kitty --$tFruit Sauce Should Always Be Served on the Side --$tThe Curiously Multifaceted Nature of Victimization --$tThe Wavering Red Light --$tAn Unspeakable Shine --$tEntering the Third Dimension --$tForward, Anywhere --$tWhat Becomes of Virginia Dare --$tIn the Vat Lies the Fruit --$tSecond Place Is Pretty Good, Considering --$tA Little Reluctance Goes a Long Way --$tI Want Some Cookies --$tWho's Your Butterfly? --$tIn Drills and Bursts --$tRubber Hatchets --$tI'm Saying If --$tI'm Saying When --$tDo You Want to Save Changes? --$tAs a Matter of Spite --$tKeeping It Out --$tWords for Later --$tAnd Also It Goes Back to That Whistle --$tThey'll Eat My Irises --$tOr What --$tThe Image Lasts All the Way Across --$tAfterword: Gretta's Alternative Twelve Steps to Sobriety.
=506  0\$aOpen Access$fUnrestricted online access$2star
=520  \\$aGretta Bitsilly, gin-steeped mother of two and self-proclaimed expert at standing outside the margins of ethnicity and peering in, has been all but eclipsed by the world that eludes her--as a wife, a writer, a skeptic in ""the other land of Zion, "" Utah. Gretta has set off to Fort Defiance, Arizona, where she hopes to convince her Navajo husband, who has escaped not from his family but from alcoholism, to come home. Over a sputtering two-steps-forward, one-step-back desert journey, Gretta is diverted by chance, seizures, an inconstant memory, and the disjointed character of her irresolute quest. She is fueled by a volatile mix of rage and curiosity and is rendered careless by ambivalence toward her marriage--she knows a welcome mat will not be waiting for her, ""that white girl"" who can't seem to get anything right. On route Gretta finds herself lost in the landscape, in strange company, or in her own convolution of language and inner space. With a dictionary and a laptop she attempts to write herself into a better existence--a hopeful existence--and to connect points of intellectual, physical, even spiritual reference. This tale, though dark and difficult, is infused with tart, twisted humor. Confused, disheveled, self-deprecating, and self-destructive, Gretta is also sharp and funny. Here, first-time novelist Christine Allen-Yazzie breaks apart her own narrative arc but with gritty reality seals it near-shut again, if in rearrangement, drawing us into Gretta's wrestling match with herself, her husband, her addiction, and the road.
=546  \\$aEnglish.
=583  1\$adigitized$c2010$hHathiTrust Digital Library$lcommitted to preserve$2pda$5MiAaHDL
=588  \\$aDescription based on print version record.
=650  \7$aWomen authors$2fast
=650  \7$aWomen alcoholics$2fast
=650  \7$aVoyages and travels$2fast
=650  \7$aSeparated people$2fast
=650  \7$aNavajo Indians$2fast
=650  \7$aInterracial marriage$2fast
=650  \7$aDeserts$2fast
=650  \7$aAmerican literature$2fast
=650  \7$aFICTION$xGeneral.$2bisacsh
=650  \6$aLitterature americaine.
=650  \6$aDeserts$vRomans, nouvelles, etc.
=650  \6$aVoyages$vRomans, nouvelles, etc.
=650  \6$aNavajo$vRomans, nouvelles, etc.
=650  \6$aPersonnes separees$vRomans, nouvelles, etc.
=650  \6$aMariage interracial$vRomans, nouvelles, etc.
=650  \6$aÉcrivaines$vRomans, nouvelles, etc.
=650  \6$aFemmes alcooliques$vRomans, nouvelles, etc.
=650  \0$aAmerican literature.
=650  \0$aWomen authors$vFiction.
=650  \0$aWomen alcoholics$vFiction.
=650  \0$aVoyages and travels$vFiction.
=650  \0$aSeparated people$vFiction.
=650  \0$aNavajo Indians$vFiction.
=650  \0$aInterracial marriage$vFiction.
=650  \0$aDeserts$vFiction.
=655  \7$aRomans.$2rvmgf
=655  \7$aNovels.$2lcgft
=655  \7$aPsychological fiction.$2lcgft
=655  \7$aPsychological fiction.$2gsafd
=655  \7$aFiction$2fast
=655  \7$aNovels$2fast
=655  \7$aPsychological fiction$2fast
=655  \0$aPsychological fiction.
=655  \7$aElectronic books. $2local
=758  \\$ihas work:$aThe arc and the sediment (Text)$1https://id.oclc.org/worldcat/entity/E39PCH8kgmkYj6YWqmfjkX4Fyq$4https://id.oclc.org/worldcat/ontology/hasWork
=776  18$iPrint version:$tThe arc and the sediment$dLogan, Utah : Utah State University Press, c2007.$z9780874216547 (acid-free paper)$w(DLC)  2007004631
=710  2\$aProject Muse.$edistributor
=830  \0$aBook collections on Project MUSE.
=856  40$zFull text available: $uhttps://muse.jhu.edu/book/2354/
=945  \\$aProject MUSE - Archive Complete Foundation
=945  \\$aProject MUSE - Archive Poetry, Fiction and Creative Non-Fiction Foundation

