=LDR  01604cam a22004814a 4500
=001  musev2_2383
=003  MdBmJHUP
=005  20241011033301.0
=006  m\\\\\o\\d\\\\\\\\
=007  cr||||||||nn|n
=008  101119s2011\\\\miu\\\\\o\\\\\\00\0\eng\d
=010  \\$z  2010047521
=020  \\$a9780472900329
=020  \\$z9780472051496
=020  \\$z9780472071494
=020  \\$z9780472027491
=035  \\$a(OCoLC)744519795
=040  \\$aMdBmJHUP$cMdBmJHUP
=050  04$aGV1469.25.M95$bW35 2011
=082  0\$a793.93/2$222
=100  1\$aWolf, Mark J. P.
=245  10$aMyst and Riven : $bThe World of the D'ni / $cMark J.P. Wolf.
=264  \1$aAnn Arbor :$bUniversity of Michigan Press,$c2011.
=264  \3$aBaltimore, Md. :$bProject MUSE, $c2012
=264  \4$c&copy;2011.
=300  \\$a1 online resource: $bill. ;
=336  \\$atext$btxt$2rdacontent
=337  \\$acomputer$bc$2rdamedia
=338  \\$aonline resource$bcr$2rdacarrier
=490  0\$aLandmark video games
=504  \\$aIncludes bibliographical references (p. 113-117) and index.
=506  0\$aOpen Access$fUnrestricted online access$2star
=588  \\$aDescription based on print version record.
=630  00$aRiven.
=630  00$aMyst.
=650  \0$aComputer adventure games.
=655  \7$aElectronic books. $2local
=710  2\$aProject Muse.$edistributor
=830  \0$aLandmark video games.
=830  \0$aBook collections on Project MUSE.
=856  40$zFull text available: $uhttps://muse.jhu.edu/book/2383/
=945  \\$aProject MUSE - 2011 Complete
=945  \\$aProject MUSE - 2011 Film, Theater and Performing Arts

