=LDR  01965cam a22005054a 4500
=001  musev2_2393
=003  MdBmJHUP
=005  20241011033307.0
=006  m\\\\\o\\d\\\\\\\\
=007  cr||||||||nn|n
=008  110218s2011\\\\miu\\\\\o\\\\\\00\0\eng\d
=010  \\$z  2011007219
=020  \\$a9780472900305
=020  \\$z9780472071531
=020  \\$z9780472051533
=020  \\$z9780472027606
=035  \\$a(OCoLC)792929055
=040  \\$aMdBmJHUP$cMdBmJHUP
=043  \\$an-us---
=050  04$aLC5131$b.M34 2011
=082  0\$a371.009173/2$222
=100  1\$aMahiri, Jabari.
=245  10$aDigital Tools in Urban Schools : $bMediating a Remix of Learning / $cJabari Mahiri.
=264  \1$aAnn Arbor :$bUniversity of Michigan Press,$c2011.
=264  \3$aBaltimore, Md. :$bProject MUSE, $c2012
=264  \4$c&copy;2011.
=300  \\$a1 online resource (192 pages): $bill. ;
=336  \\$atext$btxt$2rdacontent
=337  \\$acomputer$bc$2rdamedia
=338  \\$aonline resource$bcr$2rdacarrier
=490  0\$aTechnologies of the imagination: new media in everyday life
=504  \\$aIncludes bibliographical references (p. 153-161) and index.
=505  0\$aNew literacies need new learning -- Hip-hop journalism -- Digital teachers -- "Virtual" world media -- A Second Life for learning.
=506  0\$aOpen Access$fUnrestricted online access$2star
=588  \\$aDescription based on print version record.
=650  \0$aDigital communications$xSocial aspects$zUnited States.
=650  \0$aCritical pedagogy$zUnited States.
=650  \0$aUrban youth$xEducation$xSocial aspects$zUnited States.
=655  \7$aElectronic books. $2local
=710  2\$aProject Muse.$edistributor
=830  \0$aTechnologies of the imagination.
=830  \0$aBook collections on Project MUSE.
=856  40$zFull text available: $uhttps://muse.jhu.edu/book/2393/
=945  \\$aProject MUSE - 2011 Complete
=945  \\$aProject MUSE - 2011 Political Science and Policy Studies

