=LDR  02340cam a22004694a 4500
=001  musev2_2410
=003  MdBmJHUP
=005  20241011033319.0
=006  m\\\\\o\\d\\\\\\\\
=007  cr||||||||nn|n
=008  100916s2011\\\\pau\\\\\o\\\\\\00\0\eng\d
=010  \\$z  2010039062
=020  \\$a9780271075020
=035  \\$a(OCoLC)780532245
=040  \\$aMdBmJHUP$cMdBmJHUP
=043  \\$an-us---
=050  04$aHN59.2$b.S55 2011
=082  0\$a306.0973/09051$222
=100  1\$aShlapentokh, Vladimir.
=245  10$aFeudal America : $bElements of the Middle Ages in Contemporary Society / $cVladimir Shlapentokh and Joshua Woods.
=264  \1$aUniversity Park, Pa. :$bPennsylvania State University Press,$c2011.
=264  \3$aBaltimore, Md. :$bProject MUSE, $c2012
=264  \4$c&copy;2011.
=300  \\$a1 online resource (184 pages).
=336  \\$atext$btxt$2rdacontent
=337  \\$acomputer$bc$2rdamedia
=338  \\$aonline resource$bcr$2rdacarrier
=504  \\$aIncludes bibliographical references and index.
=505  0\$aThe feudal model in social analysis : from medieval Europe to contemporary America -- Feudal, liberal, and authoritarian models as tools for analyzing the middle ages and contemporary American society -- Big money and corporations as promoters of feudal tendencies -- The feudal model and the organizational level of analysis -- Private coercion : a feudal aspect of contemporary American society -- Personal relations in American politics and business : a feudal phenomenon.
=506  0\$aOpen Access$fUnrestricted online access$2star
=520  \\$a"Uses a feudal model to analyze contemporary American society, comparing its essential characteristics to those of medieval European societies"--Provided by publisher.
=588  \\$aDescription based on print version record.
=651  \0$aUnited States$xEconomic conditions$y21st century.
=651  \0$aUnited States$xPolitics and government$y21st century.
=651  \0$aUnited States$xSocial conditions$y21st century.
=655  \7$aElectronic books. $2local
=700  1\$aWoods, Joshua.
=710  2\$aProject Muse.$edistributor
=830  \0$aBook collections on Project MUSE.
=856  40$zFull text available: $uhttps://muse.jhu.edu/book/2410/
=945  \\$aProject MUSE - 2011 Complete
=945  \\$aProject MUSE - 2011 Global Cultural Studies

