=LDR  02430cam a22005174a 4500
=001  musev2_2537
=003  MdBmJHUP
=005  20241011033453.0
=006  m\\\\\o\\d\\\\\\\\
=007  cr||||||||nn|n
=008  000601s2000\\\\utu\\\\\o\\\\\\00\0\eng\d
=010  \\$z   00009792 
=020  \\$a9780874218558
=020  \\$z9780874214024
=020  \\$z9780874214017
=035  \\$a(OCoLC)726747153
=040  \\$aMdBmJHUP$cMdBmJHUP
=043  \\$an-us-ut
=050  04$aE99.S4$bO77 2000
=082  0\$a979.2/42$221
=100  1\$aOttogary, Willie.
=245  14$aWashakie Letters Of Willie Ottogary : $bNorthwestern Shoshone Journalist and Leader, 1908-1929 / $cedited by Matthew E. Kreitzer ; foreword by Barre Toelken.
=264  \1$aLogan :$bUtah State University Press,$c2000.
=264  \3$aBaltimore, Md. :$bProject MUSE, $c2012
=264  \4$c&copy;2000.
=300  \\$a1 online resource (351 pages): $bill., maps ;
=336  \\$atext$btxt$2rdacontent
=337  \\$acomputer$bc$2rdamedia
=338  \\$aonline resource$bcr$2rdacarrier
=504  \\$aIncludes bibliographical references (p. 280-284) and index.
=505  0\$aI will write a few line, 1906-1910 -- Willie Ottogary breaks silence, 1911-1913 -- I am going tell some news, 1914-1920 -- I will start on my stories, 1921-1922 -- We expect get some land from our big white pop in future time, 1923- 1924 -- You people may read my writing long as I work, 1925-1926 -- Our people haven't got any land for their own, 1927-1929.
=506  0\$aOpen Access$fUnrestricted online access$2star
=588  \\$aDescription based on print version record.
=600  10$aOttogary, Willie$vCorrespondence.
=650  \0$aShoshoni Indians$zUtah$zWashakie Indian Reservation$xSocial conditions.
=650  \0$aIndian journalists$zUtah$zWashakie Indian Reservation$vBiography.
=650  \0$aShoshoni Indians$zUtah$zWashakie Indian Reservation$vBiography.
=651  \0$aWashakie Indian Reservation (Utah)$xHistory.
=655  \7$aElectronic books. $2local
=700  1\$aKreitzer, Matthew E.,$d1957-
=710  2\$aProject Muse.$edistributor
=830  \0$aBook collections on Project MUSE.
=856  40$zFull text available: $uhttps://muse.jhu.edu/book/2537/
=945  \\$aProject MUSE - Archive Complete Foundation
=945  \\$aProject MUSE - Archive US Regional Studies, West Foundation
=945  \\$aProject MUSE - Archive Native American and Indigenous Studies Foundation

