=LDR  02079cam a22004574a 4500
=001  musev2_2688
=003  MdBmJHUP
=005  20241011033640.0
=006  m\\\\\o\\d\\\\\\\\
=007  cr||||||||nn|n
=008  080417s2008\\\\cou\\\\\o\\\\\\00\0\eng\d
=010  \\$z  2008017090
=020  \\$a9780870819759
=020  \\$z9780870819094
=035  \\$a(OCoLC)475597509
=040  \\$aMdBmJHUP$cMdBmJHUP
=043  \\$an-us---
=050  04$aTC423$b.S33 2008
=082  0\$a333.73$222
=100  1\$aSchlager, Edella,$d1960-
=245  10$aEmbracing Watershed Politics / $cEdella Schlager and William Blomquist.
=264  \1$aBoulder, Colo. :$bUniversity Press of Colorado,$c2008.
=264  \3$aBaltimore, Md. :$bProject MUSE, $c2012
=264  \4$c&copy;2008.
=300  \\$a1 online resource (248 pages): $bmaps ;
=336  \\$atext$btxt$2rdacontent
=337  \\$acomputer$bc$2rdamedia
=338  \\$aonline resource$bcr$2rdacarrier
=504  \\$aIncludes bibliographical references (p. [197]-211) and index.
=505  0\$aComplex landscapes: watersheds and institutions -- Watersheds, politics, and institutions: past and present assessments -- The essentials of watershed politics: boundaries, decision making, and accountability -- Imaginary watersheds and political realities -- Multiple goals, communities, and organizations: a watershed political economy -- Federalism and watershed governance -- A rational embrace?
=506  0\$aOpen Access$fUnrestricted online access$2star
=588  \\$aDescription based on print version record.
=650  \0$aIntegrated water development$zUnited States.
=650  \0$aWatershed management$xPolitical aspects$zUnited States.
=655  \7$aElectronic books. $2local
=700  1\$aBlomquist, William A.$q(William Andrew),$d1957-
=710  2\$aProject Muse.$edistributor
=830  \0$aBook collections on Project MUSE.
=856  40$zFull text available: $uhttps://muse.jhu.edu/book/2688/
=945  \\$aProject MUSE - Archive Complete Foundation
=945  \\$aProject MUSE - Archive Political Science and Policy Studies Foundation

