=LDR  02677cam a22004814a 4500
=001  musev2_2691
=003  MdBmJHUP
=005  20241011033644.0
=006  m\\\\\o\\d\\\\\\\\
=007  cr||||||||nn|n
=008  090130s2009\\\\cou\\\\\o\\\\\\00\0\eng\d
=010  \\$z  2009004090
=020  \\$a9780870819704
=020  \\$z9780870819476
=035  \\$a(OCoLC)472212323
=040  \\$aMdBmJHUP$cMdBmJHUP
=043  \\$ae-sp---
=050  04$aGN772.22.S7$bF74 2009
=082  0\$a936.6$222
=100  1\$aFreeman, Leslie G.
=245  10$aAnthropology without Informants : $bCollected Works in Paleoanthropology by L.G. Freeman / $cby L.G. Freeman.
=264  \1$aBoulder, Colo. :$bUniversity Press of Colorado,$c2009.
=264  \3$aBaltimore, Md. :$bProject MUSE, $c2012
=264  \4$c&copy;2009.
=300  \\$a1 online resource (396 pages): $bill. ;
=336  \\$atext$btxt$2rdacontent
=337  \\$acomputer$bc$2rdamedia
=338  \\$aonline resource$bcr$2rdacarrier
=504  \\$aIncludes bibliographical references and index.
=505  0\$aAnthropology without informants -- A theoretical framework for interpreting archeological materials -- The fat of the land (partial) -- By their works you shall know them: cultural developments in the paleolithic -- Paleolithic polygons: voronoi tesserae and settlement hierarchies in cantabrian spain -- Torralba and ambrona: a review of discoveries -- Were there scavengers at torralba? -- Kaleidoscope or tarnished mirror? thirty years of mousterian investigations in cantabria -- The mousterian, present and future of a concept. (a personal view) -- Research on the middle paleolithic of the cantabrian region -- Meanders on the byways of paleolithic art -- The many faces of altamira -- Techniques of figure enhancement in paleolithic cave art -- The cave as paleolithic sanctuary -- Caves and art: rites of initiation and transcendence -- The participation of north americans and spaniards in joint prehistoric research in cantabria.
=506  0\$aOpen Access$fUnrestricted online access$2star
=588  \\$aDescription based on print version record.
=650  \0$aAntiquities, Prehistoric$zSpain.
=650  \0$aPaleoanthropology$zSpain.
=650  \0$aAnthropology, Prehistoric$zSpain.
=650  \0$aPaleolithic period$zSpain.
=600  10$aFreeman, Leslie G.$vLiterary collections.
=655  \7$aElectronic books. $2local
=710  2\$aProject Muse.$edistributor
=830  \0$aBook collections on Project MUSE.
=856  40$zFull text available: $uhttps://muse.jhu.edu/book/2691/
=945  \\$aProject MUSE - Archive Complete Foundation
=945  \\$aProject MUSE - Archive Archaeology and Anthropology Foundation

