=LDR  02180cam a22004694a 4500
=001  musev2_2819
=003  MdBmJHUP
=005  20241011033815.0
=006  m\\\\\o\\d\\\\\\\\
=007  cr||||||||nn|n
=008  090410s2010\\\\mdu\\\\\o\\\\\\00\0\eng\d
=010  \\$z  2009013967
=020  \\$a9781421428000
=020  \\$z9780801894107
=020  \\$z9780801898419
=035  \\$a(OCoLC)608691512
=040  \\$aMdBmJHUP$cMdBmJHUP
=050  04$aT14.5$b.J67 2010
=082  0\$a338/.06409470904$222
=100  1\$aJosephson, Paul R.
=245  10$aWould Trotsky Wear a Bluetooth? : $bTechnological Utopianism under Socialism, 1917-1989 / $cPaul R. Josephson.
=264  \1$aBaltimore :$bJohns Hopkins University Press,$c2010.
=264  \3$aBaltimore, Md. :$bProject MUSE, $c2012
=264  \4$c&copy;2010.
=300  \\$a1 online resource (352 pages): $bill. ;
=336  \\$atext$btxt$2rdacontent
=337  \\$acomputer$bc$2rdamedia
=338  \\$aonline resource$bcr$2rdacarrier
=500  \\$aIncludes index.
=505  0\$aIntroduction : tractors, steel mills, concrete, and other joys of socialism -- Would Trotsky wear a Bluetooth? Technological utopianism in the Soviet Union in the 1920s -- Proletarian aesthetics : technology and socialism in Eastern Europe -- From kimchi to concrete : the North Korean experiment -- Floating reactors : nuclear hubris after the fall of communism -- Industrial deserts : technology and environmental degradation under socialism -- No hard hats, no steel-toed shoes required : worker safety in the proletarian paradise -- The gendered tractor.
=506  0\$aOpen Access$fUnrestricted online access$2star
=588  \\$aDescription based on print version record.
=650  \0$aUtopian socialism$xHistory$y20th century.
=650  \0$aTechnology and civilization.
=650  \0$aTechnology$xPolitical aspects.
=650  \0$aTechnology$xSocial aspects.
=655  \7$aElectronic books. $2local
=710  2\$aProject Muse.$edistributor
=830  \0$aBook collections on Project MUSE.
=856  40$zFull text available: $uhttps://muse.jhu.edu/book/2819/
=945  \\$aProject MUSE - 2010 History
=945  \\$aProject MUSE - 2010 Complete

