=LDR  02478cam a22005294a 4500
=001  musev2_3227
=003  MdBmJHUP
=005  20241011034316.0
=006  m\\\\\o\\d\\\\\\\\
=007  cr||||||||nn|n
=008  050920s2006\\\\mdu\\\\\o\\\\\\00\0\eng\d
=010  \\$z  2005027400
=020  \\$a9781421427881
=020  \\$z9780801883408
=020  \\$z9780801888779
=035  \\$a(OCoLC)190715218
=040  \\$aMdBmJHUP$cMdBmJHUP
=043  \\$an-us---$ae-uk---
=050  04$aHA37.U55$bF75 2006
=082  0\$a314.1072/3$222
=100  1\$aFrankel, Oz,$d1958-
=245  10$aStates of Inquiry : $bSocial Investigations and Print Culture in Nineteenth-Century Britain and the United States / $cOz Frankel.
=264  \1$aBaltimore :$bJohns Hopkins University Press,$c2006.
=264  \3$aBaltimore, Md. :$bProject MUSE, $c2012
=264  \4$c&copy;2006.
=300  \\$a1 online resource (384 pages): $bill. ;
=336  \\$atext$btxt$2rdacontent
=337  \\$acomputer$bc$2rdamedia
=338  \\$aonline resource$bcr$2rdacarrier
=504  \\$aIncludes bibliographical references (p. [311]-357) and index.
=505  0\$aIntroduction -- Monuments in print -- Blue books and the market of information -- The battle of the books -- The bee in the book -- The culture of the social fact -- Scenes of commission -- Facts speak for themselves -- Can freedmen be citizens? -- Totem envy -- Archives of Indian knowledge -- The purloined Indian -- Conclusion -- Notes -- Essay on sources.
=506  0\$aOpen Access$fUnrestricted online access$2star
=588  \\$aDescription based on print version record.
=650  \0$aGovernment publications$zGreat Britain$xHistory$y19th century.
=650  \0$aPrinting, Public$zGreat Britain$xHistory$y19th century.
=650  \0$aSocial surveys$zGreat Britain$xHistory$y19th century.
=650  \0$aGovernment publications$zUnited States$xHistory$y19th century.
=650  \0$aPrinting, Public$zUnited States$xHistory$y19th century.
=650  \0$aSocial surveys$zUnited States$xHistory$y19th century.
=651  \0$aGreat Britain$xPopulation$xStatistical methods.
=651  \0$aUnited States$xPopulation$xStatistical methods.
=655  \7$aElectronic books. $2local
=710  2\$aProject Muse.$edistributor
=830  \0$aBook collections on Project MUSE.
=856  40$zFull text available: $uhttps://muse.jhu.edu/book/3227/
=945  \\$aProject MUSE - Archive Complete Foundation
=945  \\$aProject MUSE - Archive History Foundation

