=LDR  02655cam a22003974a 4500
=001  musev2_3243
=003  MdBmJHUP
=005  20241011034326.0
=006  m\\\\\o\\d\\\\\\\\
=007  cr||||||||nn|n
=008  230125s2006\\\\xx\\\\\\o\\\\\\00\0\und\d
=020  \\$a9781421427898
=020  \\$z9780801888960
=020  \\$z9780801884047
=035  \\$a(OCoLC)213305530
=040  \\$aMdBmJHUP$cMdBmJHUP
=100  1\$aAccampo, Elinor$eVerfasserIn.$4aut
=245  10$aBlessed Motherhood, Bitter Fruit : $bNelly Roussel and the Politics of Female Pain in Third Republic France
=264  \1$a[Erscheinungsort nicht ermittelbar]$bJohns Hopkins University Press$c2006
=264  \3$aBaltimore, Md. :$bProject MUSE, $c2012
=264  \4$c&copy;2006
=300  \\$a1 online resource (336 pages).
=336  \\$atext$btxt$2rdacontent
=337  \\$acomputer$bc$2rdamedia
=338  \\$aonline resource$bcr$2rdacarrier
=506  0\$aOpen Access$fUnrestricted online access$2star
=520  \\$aNelly Roussel (1878-1922)-the first feminist spokeswoman for birth control in Europe-challenged both the men of early twentieth-century France, who sought to preserve the status quo, and the women who aimed to change it. She delivered her messages through public lectures, journalism, and theater, dazzling audiences with her beauty, intelligence, and disarming wit. She did so within the context of a national depopulation crisis caused by the confluence of low birth rates, the rise of international tensions, and the tragedy of the First World War. While her support spread across social classes, strong political resistance to her message revealed deeply conservative precepts about gender which were grounded in French identity itself. In this thoughtful and provocative study, Elinor Accampo follows Roussel's life from her youth, marriage, speaking career, motherhood, and political activism to her decline and death from tuberculosis in the years following World War I. She tells the story of a woman whose life and work spanned a historical moment when womanhood was being redefined by the acceptance of a woman's sexuality as distinct from her biological, reproductive role-a development that is still causing controversy today.
=546  \\$aEnglish.
=588  \\$aDescription based on print version record.
=650  \4$aFeminism & feminist theory.
=655  \7$aElectronic books. $2local
=710  2\$aProject Muse.$edistributor
=830  \0$aBook collections on Project MUSE.
=856  40$zFull text available: $uhttps://muse.jhu.edu/book/3243/
=945  \\$aProject MUSE - Archive Complete Foundation
=945  \\$aProject MUSE - Archive History Foundation

