=LDR  01468cam a22004214a 4500
=001  musev2_3276
=003  MdBmJHUP
=005  20241011034350.0
=006  m\\\\\o\\d\\\\\\\\
=007  cr||||||||nn|n
=008  051107s2006\\\\mdu\\\\\o\\\\\\00\0\eng\d
=010  \\$z  2005055244
=020  \\$a9781421427904
=020  \\$z9780801889462
=020  \\$z9780801883965
=035  \\$a(OCoLC)213306050
=040  \\$aMdBmJHUP$cMdBmJHUP
=050  04$aPN56.R7$bC43 2006
=082  0\$a809/.9145$222
=100  1\$aChai, Leon.
=245  10$aRomantic Theory : $bForms of Reflexivity in the Revolutionary Era / $cLeon Chai.
=264  \1$aBaltimore, Md. :$bJohns Hopkins University Press,$c2006.
=264  \3$aBaltimore, Md. :$bProject MUSE, $c2012
=264  \4$c&copy;2006.
=300  \\$a1 online resource (304 pages).
=336  \\$atext$btxt$2rdacontent
=337  \\$acomputer$bc$2rdamedia
=338  \\$aonline resource$bcr$2rdacarrier
=504  \\$aIncludes bibliographical references (p. [263]-276) and index.
=506  0\$aOpen Access$fUnrestricted online access$2star
=588  \\$aDescription based on print version record.
=650  \0$aRomanticism.
=655  \7$aElectronic books. $2local
=710  2\$aProject Muse.$edistributor
=830  \0$aBook collections on Project MUSE.
=856  40$zFull text available: $uhttps://muse.jhu.edu/book/3276/
=945  \\$aProject MUSE - Archive Complete Foundation
=945  \\$aProject MUSE - Archive Literature Foundation

