=LDR  01734cam a22004574a 4500
=001  musev2_3283
=003  MdBmJHUP
=005  20241011034355.0
=006  m\\\\\o\\d\\\\\\\\
=007  cr||||||||nn|n
=008  060206s2006\\\\mdu\\\\\o\\\\\\00\0\eng\d
=010  \\$z  2006003795
=020  \\$a9781421427911
=020  \\$z9780801884498
=020  \\$z9780801889608
=035  \\$a(OCoLC)232160431
=040  \\$aMdBmJHUP$cMdBmJHUP
=043  \\$an-us---
=050  04$aTL711.B6$bC66 2006
=082  0\$a629.132/521409730904$222
=100  1\$aConway, Erik M.,$d1965-
=245  10$aBlind Landings : $bLow-Visibility Operations in American Aviation, 1918-1958 / $cErik M Conway.
=264  \1$aBaltimore :$bJohns Hopkins University Press,$c2006.
=264  \3$aBaltimore, Md. :$bProject MUSE, $c2012
=264  \4$c&copy;2006.
=300  \\$a1 online resource (256 pages): $bill. ;
=336  \\$atext$btxt$2rdacontent
=337  \\$acomputer$bc$2rdamedia
=338  \\$aonline resource$bcr$2rdacarrier
=504  \\$aIncludes bibliographical references (p. [187]-210) and index.
=506  0\$aOpen Access$fUnrestricted online access$2star
=588  \\$aDescription based on print version record.
=650  \0$aLanding aids (Aeronautics)$zUnited States$xHistory$y20th century.
=650  \0$aAirplanes$xLanding$zUnited States$xHistory$y20th century.
=650  \0$aInstrument flying$zUnited States$xHistory$y20th century.
=655  \7$aElectronic books. $2local
=710  2\$aProject Muse.$edistributor
=830  \0$aBook collections on Project MUSE.
=856  40$zFull text available: $uhttps://muse.jhu.edu/book/3283/
=945  \\$aProject MUSE - Archive Complete Foundation
=945  \\$aProject MUSE - Archive History Foundation

