=LDR  01935cam a22004694a 4500
=001  musev2_3340
=003  MdBmJHUP
=005  20241011034436.0
=006  m\\\\\o\\d\\\\\\\\
=007  cr||||||||nn|n
=008  081119s2009\\\\mdu\\\\\o\\\\\\00\0\eng\d
=010  \\$z  2008050545
=020  \\$a9781421427959
=020  \\$z9780801892042
=020  \\$z9780801895098
=035  \\$a(OCoLC)608748563
=040  \\$aMdBmJHUP$cMdBmJHUP
=043  \\$ae-it---
=050  04$aKKH9857.36$b.N87 2009
=082  0\$a347.45/632016$222
=100  1\$aNussdorfer, Laurie.
=245  10$aBrokers of Public Trust : $bNotaries in Early Modern Rome / $cLaurie Nussdorfer.
=264  \1$aBaltimore :$bJohns Hopkins University Press,$c2009.
=264  \3$aBaltimore, Md. :$bProject MUSE, $c2012
=264  \4$c&copy;2009.
=300  \\$a1 online resource (368 pages).
=336  \\$atext$btxt$2rdacontent
=337  \\$acomputer$bc$2rdamedia
=338  \\$aonline resource$bcr$2rdacarrier
=504  \\$aIncludes bibliographical references (p. [319]-341) and index.
=505  0\$aThe jurists : writing public words -- The profession : defining urban identities -- The laws : shaping notarial pages -- The archives : creating documentary spaces -- The office : forging scribal lives -- The state : policing notarial practices.
=506  0\$aOpen Access$fUnrestricted online access$2star
=588  \\$aDescription based on print version record.
=650  \0$aLegal documents$zItaly$zRome$xHistory$y1420-1798.
=650  \0$aRecording and registration$zItaly$zRome$xHistory$y1420-1798.
=650  \0$aNotaries$zItaly$zRome$xHistory$y1420-1798.
=655  \7$aElectronic books. $2local
=710  2\$aProject Muse.$edistributor
=830  \0$aBook collections on Project MUSE.
=856  40$zFull text available: $uhttps://muse.jhu.edu/book/3340/
=945  \\$aProject MUSE - Archive Complete Foundation
=945  \\$aProject MUSE - Archive History Foundation

