=LDR  01752cam a22004574a 4500
=001  musev2_3344
=003  MdBmJHUP
=005  20241011034438.0
=006  m\\\\\o\\d\\\\\\\\
=007  cr||||||||nn|n
=008  080509s2009\\\\mdu\\\\\o\\\\\\00\0\eng\d
=010  \\$z  2008021240
=020  \\$a9781421427751
=020  \\$z9780801895173
=020  \\$z9780801890475
=035  \\$a(OCoLC)652354069
=040  \\$aMdBmJHUP$cMdBmJHUP
=043  \\$an-us---
=050  04$aBV4012.2$b.M94 2009
=082  0\$a253.50973/0904$222
=100  1\$aMyers-Shirk, Susan E.,$d1958-
=245  10$aHelping the Good Shepherd : $bPastoral Counselors in a Psychotherapeutic Culture, 1925-1975 / $cSusan E. Myers-Shirk.
=264  \1$aBaltimore, Md. :$bJohns Hopkins University Press,$c2009.
=264  \3$aBaltimore, Md. :$bProject MUSE, $c2012
=264  \4$c&copy;2009.
=300  \\$a1 online resource (320 pages).
=336  \\$atext$btxt$2rdacontent
=337  \\$acomputer$bc$2rdamedia
=338  \\$aonline resource$bcr$2rdacarrier
=504  \\$aIncludes bibliographical references and index.
=506  0\$aOpen Access$fUnrestricted online access$2star
=588  \\$aDescription based on print version record.
=650  \0$aLiberalism$xReligious aspects$xProtestant churches$xHistory$y20th century.
=650  \0$aPastoral counseling$zUnited States$xHistory$y20th century.
=651  \0$aUnited States$xChurch history$y20th century.
=655  \7$aElectronic books. $2local
=710  2\$aProject Muse.$edistributor
=830  \0$aBook collections on Project MUSE.
=856  40$zFull text available: $uhttps://muse.jhu.edu/book/3344/
=945  \\$aProject MUSE - Archive Complete Foundation
=945  \\$aProject MUSE - Archive Philosophy and Religion Foundation

