=LDR  03274cam a22003974a 4500
=001  musev2_3346
=003  MdBmJHUP
=005  20241011034439.0
=006  m\\\\\o\\d\\\\\\\\
=007  cr||||||||nn|n
=008  230125s2008\\\\xx\\\\\\o\\\\\\00\0\und\d
=020  \\$a9781421427836
=020  \\$z9780801889776
=020  \\$z9780801895197
=035  \\$a(OCoLC)647917311
=040  \\$aMdBmJHUP$cMdBmJHUP
=100  1\$aEpstein, Rachel A.$eVerfasserIn.$4aut
=245  10$aIn Pursuit of Liberalism : $bInternational Institutions in Postcommunist Europe
=264  \1$a[Erscheinungsort nicht ermittelbar]$bJohns Hopkins University Press$c2008
=264  \3$aBaltimore, Md. :$bProject MUSE, $c2012
=264  \4$c&copy;2008
=300  \\$a1 online resource (288 pages).
=336  \\$atext$btxt$2rdacontent
=337  \\$acomputer$bc$2rdamedia
=338  \\$aonline resource$bcr$2rdacarrier
=506  0\$aOpen Access$fUnrestricted online access$2star
=520  \\$aThough the fall of the Soviet Union opened the way for states in central and eastern Europe to join the world of market-oriented Western democracies, the expected transitions have not been as easy, common, or smooth as sometimes perceived. Rachel A. Epstein investigates how liberal ideas and practices are embedded in transitioning societies and finds that success or failure depends largely on creating a social context in which incentives held out by international institutions are viewed as symbols of an emerging Western identity in the affected country.Epstein first explains how a liberal worldview and institutions like the European Union, World Bank, the International Monetary Fund, and the North Atlantic Treaty Organization go hand-in-hand and why Western nations assume that a broad and incremental program of incentives to join will encourage formerly authoritarian states to reform their political and economic systems. Using Hungary, Poland, Romania, and the Ukraine as case studies, she demonstrates the limits of conditionality in the face of national social perceptions and elucidates the three key points around which a consensus within the state must emerge before international institutions can expect liberalization: domestic officials must be uncertain about how changing policies will affect their interests; the status of international and domestic institutions must not be in jeopardy; and the proposed polices must seem credible. In making her case, Epstein cleverly bridges the gap between the rationalist and constructivist schools of thought.Offering new data on and fresh interpretations of reforming central bank policies, privatizing banks with foreign capital, democratizing civil-military relations, and denationalizing defense policy, In Pursuit of Liberalism extends well beyond the scope of previous book-length studies.
=546  \\$aEnglish.
=588  \\$aDescription based on print version record.
=650  \4$aComparative politics.
=655  \7$aElectronic books. $2local
=710  2\$aProject Muse.$edistributor
=830  \0$aBook collections on Project MUSE.
=856  40$zFull text available: $uhttps://muse.jhu.edu/book/3346/
=945  \\$aProject MUSE - Archive Complete Foundation
=945  \\$aProject MUSE - Archive Political Science and Policy Studies Foundation

