=LDR  01991cam a22004814a 4500
=001  musev2_3350
=003  MdBmJHUP
=005  20241011034443.0
=006  m\\\\\o\\d\\\\\\\\
=007  cr||||||||nn|n
=008  080107s2008\\\\mdu\\\\\o\\\\\\00\0\eng\d
=010  \\$z  2007052655
=020  \\$a9781421427782
=020  \\$z9780801895258
=020  \\$z9780801889998
=020  \\$z9780801890000
=035  \\$a(OCoLC)557657966
=040  \\$aMdBmJHUP$cMdBmJHUP
=050  04$aHQ75.53$b.M49 2008
=082  0\$a306.874/308664$222
=100  1\$aMezey, Nancy J.,$d1965-
=245  10$aNew Choices, New Families : $bHow Lesbians Decide about Motherhood / $cNancy J. Mezey.
=264  \1$aBaltimore :$bJohns Hopkins University Press,$c2008.
=264  \3$aBaltimore, Md. :$bProject MUSE, $c2012
=264  \4$c&copy;2008.
=300  \\$a1 online resource (208 pages).
=336  \\$atext$btxt$2rdacontent
=337  \\$acomputer$bc$2rdamedia
=338  \\$aonline resource$bcr$2rdacarrier
=504  \\$aIncludes bibliographical references (p. [171]--181) and index.
=505  0\$aAt the crossroads -- The historical rise of lesbian families -- Recruiting lesbian participants and collecting data -- Developing mothering desires -- Understanding motherhood -- Negotiating lesbian support networks -- Weighing intimate partner relationships -- Considering the benefits and barriers of work -- New choices, new families.
=506  0\$aOpen Access$fUnrestricted online access$2star
=588  \\$aDescription based on print version record.
=650  \0$aLesbians$xFamily relationships.
=650  \0$aMotherhood.
=650  \0$aLesbians.
=650  \0$aLesbian mothers.
=655  \7$aElectronic books. $2local
=710  2\$aProject Muse.$edistributor
=830  \0$aBook collections on Project MUSE.
=856  40$zFull text available: $uhttps://muse.jhu.edu/book/3350/
=945  \\$aProject MUSE - Archive Complete Foundation
=945  \\$aProject MUSE - Archive Global Cultural Studies Foundation

