=LDR  01744cam a22004694a 4500
=001  musev2_3372
=003  MdBmJHUP
=005  20241011034459.0
=006  m\\\\\o\\d\\\\\\\\
=007  cr||||||||nn|n
=008  070105s2007\\\\mdu\\\\\o\\\\\\00\0\eng\d
=010  \\$z  2006103116
=020  \\$a9781421428123
=020  \\$z9780801886997
=020  \\$z9780801895913
=035  \\$a(OCoLC)647866957
=040  \\$aMdBmJHUP$cMdBmJHUP
=043  \\$an-us---
=050  04$aHQ798$b.D3976 2007
=082  0\$a305.235/209730904$222
=100  1\$aDeLuzio, Crista,$d1966-
=245  10$aFemale Adolescence in American Scientific Thought, 1830-1930 / $cCrista DeLuzio.
=264  \1$aBaltimore :$bJohns Hopkins University Press,$c2007.
=264  \3$aBaltimore, Md. :$bProject MUSE, $c2012
=264  \4$c&copy;2007.
=300  \\$a1 online resource (344 pages).
=336  \\$atext$btxt$2rdacontent
=337  \\$acomputer$bc$2rdamedia
=338  \\$aonline resource$bcr$2rdacarrier
=504  \\$aIncludes bibliographical references (p. [255]-322) and index.
=506  0\$aOpen Access$fUnrestricted online access$2star
=588  \\$aDescription based on print version record.
=650  \0$aResearch$zUnited States$xHistory$y20th century.
=650  \0$aResearch$zUnited States$xHistory$y19th century.
=650  \0$aTeenage girls$zUnited States$xHistory$y20th century.
=650  \0$aTeenage girls$zUnited States$xHistory$y19th century.
=655  \7$aElectronic books. $2local
=710  2\$aProject Muse.$edistributor
=830  \0$aBook collections on Project MUSE.
=856  40$zFull text available: $uhttps://muse.jhu.edu/book/3372/
=945  \\$aProject MUSE - Archive Complete Foundation
=945  \\$aProject MUSE - Archive History Foundation

