=LDR  01920cam a22004694a 4500
=001  musev2_3392
=003  MdBmJHUP
=005  20241011034513.0
=006  m\\\\\o\\d\\\\\\\\
=007  cr||||||||nn|n
=008  080307s2009\\\\mdu\\\\\o\\\\\\00\0\eng\d
=010  \\$z  2008010641
=020  \\$a9781421427942
=020  \\$z9780801896330
=020  \\$z9780801890512
=035  \\$a(OCoLC)551802905
=040  \\$aMdBmJHUP$cMdBmJHUP
=050  04$aK3165$b.B743 2009
=082  0\$a342.001$222
=100  1\$aBreslin, Beau,$d1966-
=245  10$aFrom Words to Worlds : $bExploring Constitutional Functionality / $cBeau Breslin.
=264  \1$aBaltimore :$bJohns Hopkins University Press,$c2009.
=264  \3$aBaltimore, Md. :$bProject MUSE, $c2012
=264  \4$c&copy;2009.
=300  \\$a1 online resource (232 pages).
=336  \\$atext$btxt$2rdacontent
=337  \\$acomputer$bc$2rdamedia
=338  \\$aonline resource$bcr$2rdacarrier
=490  0\$aThe Johns Hopkins series in constitutional thought
=504  \\$aIncludes bibliographical references (p. [201]-208) and index.
=505  0\$aConstitutional order -- Constitutional transformation -- Constitutional aspiration -- Constitutional design -- Constitutional conflict -- Constitutional recognition -- Constitutional empowerment -- Constitutional limits.
=506  0\$aOpen Access$fUnrestricted online access$2star
=588  \\$aDescription based on print version record.
=650  \0$aPolitical science.
=650  \0$aConstitutional law$xPhilosophy.
=655  \7$aElectronic books. $2local
=710  2\$aProject Muse.$edistributor
=830  \0$aJohns Hopkins series in constitutional thought.
=830  \0$aBook collections on Project MUSE.
=856  40$zFull text available: $uhttps://muse.jhu.edu/book/3392/
=945  \\$aProject MUSE - Archive Complete Foundation
=945  \\$aProject MUSE - Archive Political Science and Policy Studies Foundation

