=LDR  01670cam a22004574a 4500
=001  musev2_3437
=003  MdBmJHUP
=005  20241011034545.0
=006  m\\\\\o\\d\\\\\\\\
=007  cr||||||||nn|n
=008  080814s2009\\\\mdu\\\\\o\\\\\\00\0\eng\d
=010  \\$z  2008035750
=020  \\$a9781421428185
=020  \\$z9780801897832
=020  \\$z9780801891717
=035  \\$a(OCoLC)593232024
=040  \\$aMdBmJHUP$cMdBmJHUP
=043  \\$ae-it---
=050  04$aLF3893.M36$bG74 2009
=100  1\$aGrendler, Paul F.
=245  14$aThe University of Mantua, the Gonzaga, and the Jesuits, 1584-1630 / $cPaul F. Grendler.
=264  \1$aBaltimore :$bJohns Hopkins University Press,$c2009.
=264  \3$aBaltimore, Md. :$bProject MUSE, $c2012
=264  \4$c&copy;2009.
=300  \\$a1 online resource (312 pages): $bill., maps ;
=336  \\$atext$btxt$2rdacontent
=337  \\$acomputer$bc$2rdamedia
=338  \\$aonline resource$bcr$2rdacarrier
=504  \\$aIncludes bibliographical references and index.
=506  0\$aOpen Access$fUnrestricted online access$2star
=588  \\$aDescription based on print version record.
=610  20$aJesuits$xEducation (Higher)$zItaly$xHistory$y16th century.
=610  20$aJesuits$xEducation (Higher)$zItaly$xHistory$y17th century.
=610  20$aPacifico ginnasio mantovano.
=600  30$aGonzaga family.
=655  \7$aElectronic books. $2local
=710  2\$aProject Muse.$edistributor
=830  \0$aBook collections on Project MUSE.
=856  40$zFull text available: $uhttps://muse.jhu.edu/book/3437/
=945  \\$aProject MUSE - Archive Complete Foundation
=945  \\$aProject MUSE - Archive History Foundation

