=LDR  02017cam a22005054a 4500
=001  musev2_3440
=003  MdBmJHUP
=005  20241011034546.0
=006  m\\\\\o\\d\\\\\\\\
=007  cr||||||||nn|n
=008  081024s2009\\\\mdu\\\\\o\\\\\\00\0\eng\d
=010  \\$z  2008044003
=020  \\$a9781421427966
=020  \\$z9780801891373
=020  \\$z9780801897955
=035  \\$a(OCoLC)593239764
=040  \\$aMdBmJHUP$cMdBmJHUP
=043  \\$an-us---
=050  04$aHQ1090.3$b.S76 2009
=082  0\$a305.38/96920907309034$222
=100  1\$aStott, Richard Briggs.
=245  10$aJolly Fellows : $bMale Milieus in Nineteenth-Century America / $cRichard Stott.
=264  \1$aBaltimore :$bJohns Hopkins University Press,$c2009.
=264  \3$aBaltimore, Md. :$bProject MUSE, $c2012
=264  \4$c&copy;2009.
=300  \\$a1 online resource (384 pages): $bill. ;
=336  \\$atext$btxt$2rdacontent
=337  \\$acomputer$bc$2rdamedia
=338  \\$aonline resource$bcr$2rdacarrier
=490  0\$aGender relations in the American experience
=504  \\$aIncludes bibliographical references and index.
=505  0\$aThe tavern crowd -- Jolly fellowship -- Reform -- New York -- The gold rush -- Cultural connections -- Wild east and wild west -- Sporting men -- Continuities and complexities.
=506  0\$aOpen Access$fUnrestricted online access$2star
=588  \\$aDescription based on print version record.
=650  \0$aViolence in men$zUnited States.
=650  \0$aMasculinity$zUnited States$xHistory$y19th century.
=650  \0$aMen$xPsychology$xHistory$y19th century.
=650  \0$aMen$zUnited States$xHistory$y19th century.
=655  \7$aElectronic books. $2local
=710  2\$aProject Muse.$edistributor
=830  \0$aGender relations in the American experience.
=830  \0$aBook collections on Project MUSE.
=856  40$zFull text available: $uhttps://muse.jhu.edu/book/3440/
=945  \\$aProject MUSE - Archive Complete Foundation
=945  \\$aProject MUSE - Archive History Foundation

