=LDR  01713cam a22004574a 4500
=001  musev2_3447
=003  MdBmJHUP
=005  20241011034551.0
=006  m\\\\\o\\d\\\\\\\\
=007  cr||||||||nn|n
=008  080528s2009\\\\mdu\\\\\o\\\\\\00\0\eng\d
=010  \\$z  2008022572
=020  \\$a9781421427928
=020  \\$z9780801891304
=020  \\$z9780801898457
=035  \\$a(OCoLC)647891299
=040  \\$aMdBmJHUP$cMdBmJHUP
=043  \\$an-usu--
=050  04$aHE2771.A13$bM37 2009
=082  0\$a385.0975/09034$222
=100  1\$aMarrs, Aaron W.,$d1976-
=245  10$aRailroads in the Old South : $bPursuing Progress in a Slave Society / $cAaron W. Marrs.
=264  \1$aBaltimore :$bJohns Hopkins University Press,$c2009.
=264  \3$aBaltimore, Md. :$bProject MUSE, $c2012
=264  \4$c&copy;2009.
=300  \\$a1 online resource (288 pages): $bill., maps ;
=336  \\$atext$btxt$2rdacontent
=337  \\$acomputer$bc$2rdamedia
=338  \\$aonline resource$bcr$2rdacarrier
=504  \\$aIncludes bibliographical references (p. [199]-253) and index.
=505  0\$aDreams -- Knowledge -- Sweat -- Structure -- Motion -- Passages -- Communities.
=506  0\$aOpen Access$fUnrestricted online access$2star
=588  \\$aDescription based on print version record.
=650  \0$aRailroads$zSouthern States$xHistory$y19th century.
=651  \0$aSouthern States$xHistory$y1775-1865.
=655  \7$aElectronic books. $2local
=710  2\$aProject Muse.$edistributor
=830  \0$aBook collections on Project MUSE.
=856  40$zFull text available: $uhttps://muse.jhu.edu/book/3447/
=945  \\$aProject MUSE - Archive Complete Foundation
=945  \\$aProject MUSE - Archive History Foundation

