=LDR  02032cam a22004934a 4500
=001  musev2_3451
=003  MdBmJHUP
=005  20241011034553.0
=006  m\\\\\o\\d\\\\\\\\
=007  cr||||||||nn|n
=008  090218s2010\\\\mdu\\\\\o\\\\\\00\0\eng\d
=010  \\$z  2009007043
=020  \\$a9781421427973
=020  \\$z9780801893575
=020  \\$z9780801898655
=035  \\$a(OCoLC)647917314
=040  \\$aMdBmJHUP$cMdBmJHUP
=043  \\$an-us-nv
=050  04$aHD8085.L373$bK73 2010
=082  0\$a331.7/6179509793135$222
=100  1\$aKraft, James P.
=245  10$aVegas at Odds : $bLabor Conflict in a Leisure Economy, 1960-1985 / $cJames P. Kraft.
=264  \1$aBaltimore :$bJohns Hopkins University Press,$c2010.
=264  \3$aBaltimore, Md. :$bProject MUSE, $c2012
=264  \4$c&copy;2010.
=300  \\$a1 online resource (304 pages): $bill. ;
=336  \\$atext$btxt$2rdacontent
=337  \\$acomputer$bc$2rdamedia
=338  \\$aonline resource$bcr$2rdacarrier
=490  0\$aStudies in industry and society
=504  \\$aIncludes bibliographical references and index.
=505  0\$aThe rise of corporate resorts -- Working in Las Vegas -- The first work stoppages -- The struggle for the casinos -- Workplace incidents -- Fighting for equal rights -- The spirit of '76 -- Management digs in, 1982-1984 -- The strike of 1984-1985.
=506  0\$aOpen Access$fUnrestricted online access$2star
=588  \\$aDescription based on print version record.
=650  \0$aLabor$zNevada$zLas Vegas$xHistory$y20th century.
=650  \0$aLabor movement$zNevada$zLas Vegas$xHistory$y20th century.
=651  \0$aLas Vegas (Nev.)$xEconomic conditions$y20th century.
=655  \7$aElectronic books. $2local
=710  2\$aProject Muse.$edistributor
=830  \0$aStudies in industry and society.
=830  \0$aBook collections on Project MUSE.
=856  40$zFull text available: $uhttps://muse.jhu.edu/book/3451/
=945  \\$aProject MUSE - 2010 US Regional Studies, West
=945  \\$aProject MUSE - 2010 Complete

