=LDR  02103cam a22004934a 4500
=001  musev2_3454
=003  MdBmJHUP
=005  20241011034555.0
=006  m\\\\\o\\d\\\\\\\\
=007  cr||||||||nn|n
=008  080707s2009\\\\mdu\\\\\o\\\\\\00\0\eng\d
=010  \\$z  2008028731
=020  \\$a9781421427874
=020  \\$z9780801891434
=020  \\$z9780801898723
=035  \\$a(OCoLC)647917303
=040  \\$aMdBmJHUP$cMdBmJHUP
=043  \\$an-us---$ae------
=050  04$aHF5548$b.H387 2009
=082  0\$a004/.9$222
=100  1\$aHeide, Lars,$d1950-
=245  10$aPunched-Card Systems and the Early Information Explosion, 1880-1945 / $cLars Heide.
=264  \1$aBaltimore :$bJohns Hopkins University Press,$c2009.
=264  \3$aBaltimore, Md. :$bProject MUSE, $c2012
=264  \4$c&copy;2009.
=300  \\$a1 online resource (376 pages): $bill. ;
=336  \\$atext$btxt$2rdacontent
=337  \\$acomputer$bc$2rdamedia
=338  \\$aonline resource$bcr$2rdacarrier
=490  0\$aStudies in industry and society
=504  \\$aIncludes bibliographical references (p. 279-350) and index.
=505  0\$aPunched cards and the 1890 United States census -- New users, new machines -- U.S. challengers to Hollerith -- The rise of international business machines -- Decline of punched cards for European census processing -- Punched cards for general statistics in Europe -- Different roads to European punched-card bookkeeping -- Keeping tabs on society with punched cards.
=506  0\$aOpen Access$fUnrestricted online access$2star
=588  \\$aDescription based on print version record.
=650  \0$aInformation technology$zEurope.
=650  \0$aInformation technology$zUnited States.
=650  \0$aPunched card systems.
=655  \7$aElectronic books. $2local
=710  2\$aProject Muse.$edistributor
=830  \0$aStudies in industry and society.
=830  \0$aBook collections on Project MUSE.
=856  40$zFull text available: $uhttps://muse.jhu.edu/book/3454/
=945  \\$aProject MUSE - Archive Complete Foundation
=945  \\$aProject MUSE - Archive History Foundation

