=LDR  01939cam a22004694a 4500
=001  musev2_3456
=003  MdBmJHUP
=005  20241011034556.0
=006  m\\\\\o\\d\\\\\\\\
=007  cr||||||||nn|n
=008  081106s2009\\\\mdu\\\\\o\\\\\\00\0\eng\d
=010  \\$z  2008048621
=020  \\$a9781421427980
=020  \\$z9780801898792
=020  \\$z9780801893094
=035  \\$a(OCoLC)647927703
=040  \\$aMdBmJHUP$cMdBmJHUP
=043  \\$ae-fr---
=050  04$aHD9970.5.C673$bF866 2009
=082  0\$a381/.4566850944$222
=100  1\$aMartin, Morag.
=245  10$aSelling Beauty : $bCosmetics, Commerce, and French Society, 1750-1830 / $cMorag Martin.
=264  \1$aBaltimore :$bJohns Hopkins University Press,$c2009.
=264  \3$aBaltimore, Md. :$bProject MUSE, $c2012
=264  \4$c&copy;2009.
=300  \\$a1 online resource (240 pages): $bill. ;
=336  \\$atext$btxt$2rdacontent
=337  \\$acomputer$bc$2rdamedia
=338  \\$aonline resource$bcr$2rdacarrier
=490  0\$aThe Johns Hopkins University studies in historical and political science ;$v127th ser., 2
=504  \\$aIncludes bibliographical references and index.
=505  0\$aThe practices of beauty -- A market for beauty -- Advertising beauty -- Maligning beauty -- Domesticating beauty -- Selling natural artifice -- Selling the orient -- Selling masculinity.
=506  0\$aOpen Access$fUnrestricted online access$2star
=588  \\$aDescription based on print version record.
=650  \0$aCosmetics industry$zFrance$xHistory.
=655  \7$aElectronic books. $2local
=710  2\$aProject Muse.$edistributor
=830  \0$aJohns Hopkins University studies in historical and political science ;$v127th ser., 2.
=830  \0$aBook collections on Project MUSE.
=856  40$zFull text available: $uhttps://muse.jhu.edu/book/3456/
=945  \\$aProject MUSE - Archive Complete Foundation
=945  \\$aProject MUSE - Archive History Foundation

