=LDR  02038cam a22005174a 4500
=001  musev2_3466
=003  MdBmJHUP
=005  20241011034604.0
=006  m\\\\\o\\d\\\\\\\\
=007  cr||||||||nn|n
=008  080108s2008\\\\mdu\\\\\o\\\\\\00\0\eng\d
=010  \\$z  2008000586
=020  \\$a9781421427799
=020  \\$z9780801887055
=020  \\$z9781421400228
=035  \\$a(OCoLC)794701466
=040  \\$aMdBmJHUP$cMdBmJHUP
=043  \\$ae-uk-en
=050  04$aPR111$b.L67 2008
=082  0\$a820.9/354$222
=100  1\$aLooser, Devoney,$d1967-
=245  10$aWomen Writers and Old Age in Great Britain, 1750-1850 / $cDevoney Looser.
=264  \1$aBaltimore :$bJohns Hopkins University Press,$c2008.
=264  \3$aBaltimore, Md. :$bProject MUSE, $c2012
=264  \4$c&copy;2008.
=300  \\$a1 online resource (252 pages): $bill. ;
=336  \\$atext$btxt$2rdacontent
=337  \\$acomputer$bc$2rdamedia
=338  \\$aonline resource$bcr$2rdacarrier
=504  \\$aIncludes bibliographical references (p. [205]-226) and index.
=506  0\$aOpen Access$fUnrestricted online access$2star
=588  \\$aDescription based on print version record.
=650  \0$aOld age$xSocial aspects$zGreat Britain.
=650  \0$aWomen and literature$zGreat Britain$xHistory$y19th century.
=650  \0$aWomen and literature$zGreat Britain$xHistory$y18th century.
=650  \0$aOlder women$zGreat Britain.
=650  \0$aEnglish literature$xWomen authors$xHistory and criticism.
=600  10$aBarbauld,$cMrs$q(Anna Letitia),$d1743-1825$xCriticism and interpretation.
=600  10$aBurney, Fanny,$d1752-1840$xCriticism and interpretation.
=600  10$aEdgeworth, Maria,$d1767-1849$xCriticism and interpretation.
=655  \7$aElectronic books. $2local
=710  2\$aProject Muse.$edistributor
=830  \0$aBook collections on Project MUSE.
=856  40$zFull text available: $uhttps://muse.jhu.edu/book/3466/
=945  \\$aProject MUSE - Archive Complete Foundation
=945  \\$aProject MUSE - Archive Literature Foundation

