=LDR  01873cam a22004934a 4500
=001  musev2_3467
=003  MdBmJHUP
=005  20241011034605.0
=006  m\\\\\o\\d\\\\\\\\
=007  cr||||||||nn|n
=008  080325s2009\\\\mdu\\\\\o\\\\\\00\0\eng\d
=010  \\$z  2008013749
=020  \\$a9781421427805
=020  \\$z9781421400297
=020  \\$z9780801890338
=035  \\$a(OCoLC)609199933
=040  \\$aMdBmJHUP$cMdBmJHUP
=043  \\$an-us-ma$an-us---
=050  04$aT171.M495$bR73 2009
=082  0\$a378.0092$aB$222
=100  1\$aAngulo, A. J.
=245  10$aWilliam Barton Rogers and the Idea of MIT / $cA.J. Angulo.
=264  \1$aBaltimore :$bJohns Hopkins University Press,$c2009.
=264  \3$aBaltimore, Md. :$bProject MUSE, $c2012
=264  \4$c&copy;2009.
=300  \\$a1 online resource (240 pages): $bill. ;
=336  \\$atext$btxt$2rdacontent
=337  \\$acomputer$bc$2rdamedia
=338  \\$aonline resource$bcr$2rdacarrier
=504  \\$aIncludes bibliographical references (p. [195]-212) and index.
=506  0\$aOpen Access$fUnrestricted online access$2star
=588  \\$aDescription based on print version record.
=600  10$aRogers, William Barton,$d1804-1882.
=610  20$aMassachusetts Institute of Technology$xPresidents$vBiography.
=610  20$aMassachusetts Institute of Technology$xHistory.
=650  \0$aEngineering$xStudy and teaching$zUnited States$xHistory.
=650  \0$aScience$xStudy and teaching (Higher)$zUnited States$xHistory.
=650  \0$aCollege presidents$zMassachusetts$vBiography.
=655  \7$aElectronic books. $2local
=710  2\$aProject Muse.$edistributor
=830  \0$aBook collections on Project MUSE.
=856  40$zFull text available: $uhttps://muse.jhu.edu/book/3467/
=945  \\$aProject MUSE - Archive Complete Foundation
=945  \\$aProject MUSE - Archive Higher Education Foundation

