=LDR  02153cam a22005054a 4500
=001  musev2_3472
=003  MdBmJHUP
=005  20241011034608.0
=006  m\\\\\o\\d\\\\\\\\
=007  cr||||||||nn|n
=008  080219s2008\\\\mdu\\\\\o\\\\\\00\0\eng\d
=010  \\$z  2008007633
=020  \\$a9781421429274
=020  \\$z9780801889844
=020  \\$z9781421401638
=035  \\$a(OCoLC)607823392
=040  \\$aMdBmJHUP$cMdBmJHUP
=043  \\$an-us---
=050  04$aQC855$b.C66 2008
=082  0\$a551.50973$222
=100  1\$aConway, Erik M.,$d1965-
=245  10$aAtmospheric Science at NASA : $bA History / $cErik M. Conway.
=264  \1$aBaltimore :$bJohns Hopkins University Press,$c2008.
=264  \3$aBaltimore, Md. :$bProject MUSE, $c2012
=264  \4$c&copy;2008.
=300  \\$a1 online resource (416 pages): $bill. (some col.) ;
=336  \\$atext$btxt$2rdacontent
=337  \\$acomputer$bc$2rdamedia
=338  \\$aonline resource$bcr$2rdacarrier
=490  0\$aNew series in NASA history
=504  \\$aIncludes bibliographical references (p. [325]-374) and index.
=505  0\$aEstablishing the meteorology program -- Developing  satellite meteorology -- Constructing a global meteorology -- Planetary atmospheres -- NASA atmospheric research in transition -- Atmospheric chemistry -- The quest for a climate observing system -- Missions to planet Earth : architectural warfare -- Atmospheric science in the mission to planet Earth.
=506  0\$aOpen Access$fUnrestricted online access$2star
=588  \\$aDescription based on print version record.
=650  \0$aAstronautics in meteorology$xHistory.
=650  \0$aSatellite meteorology$xHistory.
=650  \0$aAtmospheric physics$xHistory.
=610  10$aUnited States.$bNational Aeronautics and Space Administration.
=655  \7$aElectronic books. $2local
=710  2\$aProject Muse.$edistributor
=830  \0$aNew series in NASA history.
=830  \0$aBook collections on Project MUSE.
=856  40$zFull text available: $uhttps://muse.jhu.edu/book/3472/
=945  \\$aProject MUSE - Archive Complete Foundation
=945  \\$aProject MUSE - Archive History Foundation

