=LDR  02081cam a22004694a 4500
=001  musev2_3479
=003  MdBmJHUP
=005  20241011034614.0
=006  m\\\\\o\\d\\\\\\\\
=007  cr||||||||nn|n
=008  070213s2007\\\\mdu\\\\\o\\\\\\00\0\eng\d
=010  \\$z  2007006282
=020  \\$a9781421428314
=020  \\$z9781421401997
=020  \\$z9780801886836
=035  \\$a(OCoLC)794701417
=040  \\$aMdBmJHUP$cMdBmJHUP
=043  \\$an-us---
=050  04$aBX1406.3$b.C375 2007
=082  0\$a282/.73$222
=100  1\$aCarroll, Michael P.,$d1944-
=245  10$aAmerican Catholics in the Protestant Imagination : $bRethinking the Academic Study of Religion / $cMichael P. Carroll.
=264  \1$aBaltimore :$bJohns Hopkins University Press,$c2007.
=264  \3$aBaltimore, Md. :$bProject MUSE, $c2012
=264  \4$c&copy;2007.
=300  \\$a1 online resource (240 pages): $bill. ;
=336  \\$atext$btxt$2rdacontent
=337  \\$acomputer$bc$2rdamedia
=338  \\$aonline resource$bcr$2rdacarrier
=504  \\$aIncludes bibliographical references (p. [193]-214) and index.
=505  0\$aHow the Irish became Protestant in America -- Why the famine Irish became Catholic in America -- Italian American Catholicism : the standard story and its problems -- Were the Acadians/Cajuns really good Catholics? -- Hispanic Catholicism and the illusion of knowledge -- Protestantism and the academic study of American religion : an enduring alliance.
=506  0\$aOpen Access$fUnrestricted online access$2star
=588  \\$aDescription based on print version record.
=650  \0$aCatholics$zUnited States$xHistoriography.
=650  \0$aCatholics$zUnited States$xHistory.
=655  \7$aElectronic books. $2local
=710  2\$aProject Muse.$edistributor
=830  \0$aBook collections on Project MUSE.
=856  40$zFull text available: $uhttps://muse.jhu.edu/book/3479/
=945  \\$aProject MUSE - Archive Complete Foundation
=945  \\$aProject MUSE - Archive Philosophy and Religion Foundation
=945  \\$aProject MUSE - Archive American Studies Foundation

