=LDR  02273cam a22004814a 4500
=001  musev2_3480
=003  MdBmJHUP
=005  20241011034615.0
=006  m\\\\\o\\d\\\\\\\\
=007  cr||||||||nn|n
=008  070313s2007\\\\mdu\\\\\o\\\\\\00\0\eng\d
=010  \\$z  2007010558
=020  \\$a9781421429281
=020  \\$z9781421402017
=020  \\$z9780801886867
=035  \\$a(OCoLC)794701426
=040  \\$aMdBmJHUP$cMdBmJHUP
=043  \\$an-us---
=050  04$aBT732.5$b.C88 2007
=082  0\$a234/.131097309034$222
=100  1\$aCurtis, Heather D.
=245  10$aFaith in the Great Physician : $bSuffering and Divine Healing in American Culture, 1860-1900 / $cHeather D. Curtis.
=264  \1$aBaltimore :$bJohns Hopkins University Press,$c2007.
=264  \3$aBaltimore, Md. :$bProject MUSE, $c2012
=264  \4$c&copy;2007.
=300  \\$a1 online resource (288 pages): $bill. ;
=336  \\$atext$btxt$2rdacontent
=337  \\$acomputer$bc$2rdamedia
=338  \\$aonline resource$bcr$2rdacarrier
=504  \\$aIncludes bibliographical references (p. [241]-259) and index.
=505  0\$aA thorn in the flesh : pain, illness, and religion in mid-nineteenth-century America -- Resisting resignation : the rise of religious healing in the late-nineteenth century -- Acting faith : the devotional ethics and gendered dynamics of divine healing -- The use of means : divine healing as devotional practice -- Houses of healing : sacred space, social geography, and gender in divine healing -- The Lord for the body, the gospel for the nations : divine healing and social reform.
=506  0\$aOpen Access$fUnrestricted online access$2star
=588  \\$aDescription based on print version record.
=650  22$aReligion and Psychology$zUnited States.
=650  22$aHistory, 19th Century$zUnited States.
=650  12$aFaith Healing$xhistory$zUnited States.
=650  \0$aSpiritual healing$zUnited States$xHistory$y19th century.
=655  \7$aElectronic books. $2local
=710  2\$aProject Muse.$edistributor
=830  \0$aBook collections on Project MUSE.
=856  40$zFull text available: $uhttps://muse.jhu.edu/book/3480/
=945  \\$aProject MUSE - Archive Complete Foundation
=945  \\$aProject MUSE - Archive Philosophy and Religion Foundation

