=LDR  02394cam a22005654a 4500
=001  musev2_3487
=003  MdBmJHUP
=005  20241011034619.0
=006  m\\\\\o\\d\\\\\\\\
=007  cr||||||||nn|n
=008  080225s2008\\\\mdu\\\\\o\\\\\\00\0\eng\d
=010  \\$z  2008007845
=020  \\$a9781421428321
=020  \\$z9781421402376
=020  \\$z9780801890239
=035  \\$a(OCoLC)794701436
=040  \\$aMdBmJHUP$cMdBmJHUP
=043  \\$an-usu--
=050  04$aSK43$b.G55 2008
=082  0\$a799.0973$222
=100  1\$aGiltner, Scott E.,$d1973-
=245  10$aHunting and Fishing in the New South : $bBlack Labor and White Leisure after the Civil War / $cScott E. Giltner.
=264  \1$aBaltimore, Md. :$bJohns Hopkins University Press,$c2008.
=264  \3$aBaltimore, Md. :$bProject MUSE, $c2012
=264  \4$c&copy;2008.
=300  \\$a1 online resource (240 pages): $bill. ;
=336  \\$atext$btxt$2rdacontent
=337  \\$acomputer$bc$2rdamedia
=338  \\$aonline resource$bcr$2rdacarrier
=490  0\$aThe Johns Hopkins University studies in historical and political science ;$v126th ser., 2
=504  \\$aIncludes bibliographical references (p. [181]-214) and index.
=506  0\$aOpen Access$fUnrestricted online access$2star
=588  \\$aDescription based on print version record.
=650  \0$aHunting guides$zSouthern States$xHistory.
=650  \0$aAfrican American men$zSouthern States$xSocial conditions.
=650  \0$aHunters$zSouthern States$xHistory.
=650  \0$aMen, White$zSouthern States$xSocial conditions.
=650  \0$aFishing$xSocial aspects$zSouthern States$xHistory$y20th century.
=650  \0$aFishing$xSocial aspects$zSouthern States$xHistory$y19th century.
=650  \0$aHunting$xSocial aspects$zSouthern States$xHistory$y20th century.
=650  \0$aHunting$xSocial aspects$zSouthern States$xHistory$y19th century.
=651  \0$aSouthern States$xHistory$y1865-1951.
=651  \0$aSouthern States$xRace relations.
=655  \7$aElectronic books. $2local
=710  2\$aProject Muse.$edistributor
=830  \0$aJohns Hopkins University studies in historical and political science ;$v126th ser., 2.
=830  \0$aBook collections on Project MUSE.
=856  40$zFull text available: $uhttps://muse.jhu.edu/book/3487/
=945  \\$aProject MUSE - Archive Complete Foundation
=945  \\$aProject MUSE - Archive History Foundation

