=LDR  01903cam a22004574a 4500
=001  musev2_3489
=003  MdBmJHUP
=005  20241011034620.0
=006  m\\\\\o\\d\\\\\\\\
=007  cr||||||||nn|n
=008  070604s2008\\\\mdu\\\\\o\\\\\\00\0\eng\d
=010  \\$z  2007023329
=020  \\$a9781421428338
=020  \\$z9781421402406
=020  \\$z9780801887222
=035  \\$a(OCoLC)608428238
=040  \\$aMdBmJHUP$cMdBmJHUP
=050  04$aPA6648.P7$bM37 2008
=082  0\$a871/.01$222
=100  1\$aMastrangelo, Marc.
=245  14$aThe Roman Self in Late Antiquity : $bPrudentius and the Poetics of the Soul / $cMarc Mastrangelo.
=264  \1$aBaltimore :$bJohns Hopkins University Press,$c2008.
=264  \3$aBaltimore, Md. :$bProject MUSE, $c2012
=264  \4$c&copy;2008.
=300  \\$a1 online resource (272 pages).
=336  \\$atext$btxt$2rdacontent
=337  \\$acomputer$bc$2rdamedia
=338  \\$aonline resource$bcr$2rdacarrier
=504  \\$aIncludes bibliographical references (p. [239]-249) and index.
=505  0\$aAn epic successor? : Prudentius, Aeneid 6 and Roman epic tradition -- Christian history and the narrative of Rome -- Christian theology and the making of allegory -- Pagan philosophy and the making of allegory -- Epilogue. Self, poetry, and literary history in Prudentius.
=506  0\$aOpen Access$fUnrestricted online access$2star
=588  \\$aDescription based on print version record.
=600  00$aVirgil$xInfluence.
=600  00$aPrudentius,$db. 348.
=650  \0$aComparative literature$xLatin, Classical and post-classical.
=655  \7$aElectronic books. $2local
=710  2\$aProject Muse.$edistributor
=830  \0$aBook collections on Project MUSE.
=856  40$zFull text available: $uhttps://muse.jhu.edu/book/3489/
=945  \\$aProject MUSE - Archive Complete Foundation
=945  \\$aProject MUSE - Archive Classical Studies Foundation

