=LDR  02720cam a22004814a 4500
=001  musev2_3490
=003  MdBmJHUP
=005  20241011034621.0
=006  m\\\\\o\\d\\\\\\\\
=007  cr||||||||nn|n
=008  061109s2007\\\\mdu\\\\\o\\\\\\00\0\eng\d
=010  \\$z  2006037746
=020  \\$a9781421428345
=020  \\$z9781421402413
=020  \\$z9780801886553
=035  \\$a(OCoLC)794701461
=040  \\$aMdBmJHUP$cMdBmJHUP
=043  \\$an-us---
=050  04$aJK246$b.H84 2007
=082  0\$a320.97309/034$222
=100  1\$aHoffer, Williamjames.
=245  10$aTo Enlarge the Machinery of Government : $bCongressional Debates and the Growth of the American State, 1858-1891 / $cWilliamjames Hull Hoffer.
=264  \1$aBaltimore :$bJohns Hopkins University Press,$c2007.
=264  \3$aBaltimore, Md. :$bProject MUSE, $c2012
=264  \4$c&copy;2007.
=300  \\$a1 online resource (280 pages).
=336  \\$atext$btxt$2rdacontent
=337  \\$acomputer$bc$2rdamedia
=338  \\$aonline resource$bcr$2rdacarrier
=504  \\$aIncludes bibliographical references (p. [207]-248) and index.
=505  0\$aIntroduction : "badly in detail but well on the whole": the second state -- Prologue : "the great, noisy, reedy, jarring assembly" : the Capitol, lawyers, and public space -- A "government of states" : sponsorship and the first debate on land grant colleges, 1858-1861 -- "The object of a democratic government" : sponsorship and supervision of agriculture and land grant colleges, 1861-1863 -- "A government of law" : sponsoring and supervising the freedmen, abandoned lands, and refugees, 1863-1865 -- The "twin pillars" of the state : the supervision and standardization of education and law enforcement, 1865-1876 -- "To change the nature of the government" : standardizing schooling and the civil service, 1876-1883 -- "What constitutes a state" : supervising labor and commerce, 1883-1886 -- "A system entirely satisfactory to the country" : standardizing labor and the courts, 1886-1891 -- Conclusion : "to answer our purposes, it must be adapted".
=506  0\$aOpen Access$fUnrestricted online access$2star
=588  \\$aDescription based on print version record.
=651  \0$aUnited States$xPolitics and government$y19th century.
=650  \0$aDebates and debating$zUnited States.
=650  \0$aFederal government$zUnited States.
=610  10$aUnited States.$bCongress.
=655  \7$aElectronic books. $2local
=710  2\$aProject Muse.$edistributor
=830  \0$aBook collections on Project MUSE.
=856  40$zFull text available: $uhttps://muse.jhu.edu/book/3490/
=945  \\$aProject MUSE - Archive Complete Foundation
=945  \\$aProject MUSE - Archive History Foundation

