=LDR  02432cam a22005054a 4500
=001  musev2_3491
=003  MdBmJHUP
=005  20241011034621.0
=006  m\\\\\o\\d\\\\\\\\
=007  cr||||||||nn|n
=008  061127s2007\\\\mdu\\\\\o\\\\\\00\0\eng\d
=010  \\$z  2006039423
=020  \\$a9781421428352
=020  \\$z9781421402437
=020  \\$z9780801886607
=035  \\$a(OCoLC)794701434
=040  \\$aMdBmJHUP$cMdBmJHUP
=043  \\$an-us-mo
=050  04$aBR560.B76$bK48 2007
=082  0\$a277.78/797$222
=100  1\$aKetchell, Aaron K.,$d1971-
=245  10$aHoly Hills of the Ozarks : $bReligion and Tourism in Branson, Missouri / $cAaron K. Ketchell.
=264  \1$aBaltimore :$bJohns Hopkins University Press,$c2007.
=264  \3$aBaltimore, Md. :$bProject MUSE, $c2012
=264  \4$c&copy;2007.
=300  \\$a1 online resource (344 pages): $bill. ;
=336  \\$atext$btxt$2rdacontent
=337  \\$acomputer$bc$2rdamedia
=338  \\$aonline resource$bcr$2rdacarrier
=504  \\$aIncludes bibliographical references (p. [273]-294) and index.
=505  0\$aIntroduction: "the moral vineyards" -- "Temples of God's own building" : Harold Bell Wright and the roots of Branson tourism -- "Hills of truth and love" : authenticity and the sacred in shepherd of the Hills Country -- "I would much rather see a sermon than hear one" : faith at Silver Dollar City -- Jesus is "the greatest star" : the variety show and contemporary Branson tourism -- "Near heaven" : the dynamics of sacred space in Branson -- Hillbilly heaven : labor, leisure, and the Ozark trickster -- "The aroma of God's spirit" : branding Branson's future.
=506  0\$aOpen Access$fUnrestricted online access$2star
=588  \\$aDescription based on print version record.
=651  \0$aBranson (Mo.)$xReligious life and customs.
=650  \0$aPopular culture$xReligious aspects$xChristianity.
=650  \0$aRecreation$xReligious aspects$xChristianity.
=650  \0$aAmusements$xReligious aspects$xChristianity.
=650  \0$aAmusements$zMissouri$zBranson.
=650  \0$aRecreation$zMissouri$zBranson.
=655  \7$aElectronic books. $2local
=710  2\$aProject Muse.$edistributor
=830  \0$aBook collections on Project MUSE.
=856  40$zFull text available: $uhttps://muse.jhu.edu/book/3491/
=945  \\$aProject MUSE - Archive Complete Foundation
=945  \\$aProject MUSE - Archive Philosophy and Religion Foundation

