=LDR  01753cam a22004814a 4500
=001  musev2_3494
=003  MdBmJHUP
=005  20241011034623.0
=006  m\\\\\o\\d\\\\\\\\
=007  cr||||||||nn|n
=008  080320s2009\\\\mdu\\\\\o\\\\\\00\0\eng\d
=010  \\$z  2008013123
=020  \\$a9781421427850
=020  \\$z9780801890413
=020  \\$z9781421402611
=035  \\$a(OCoLC)794701442
=040  \\$aMdBmJHUP$cMdBmJHUP
=043  \\$ae-uk-en
=050  04$aPR468.R65$bS53 2009
=082  0\$a820.9/145$222
=100  1\$aSha, Richard C.
=245  10$aPerverse Romanticism : $bAesthetics and Sexuality in Britain, 1750-1832 / $cRichard C. Sha.
=264  \1$aBaltimore :$bJohns Hopkins University Press,$c2009.
=264  \3$aBaltimore, Md. :$bProject MUSE, $c2012
=264  \4$c&copy;2009.
=300  \\$a1 online resource (376 pages): $bill. ;
=336  \\$atext$btxt$2rdacontent
=337  \\$acomputer$bc$2rdamedia
=338  \\$aonline resource$bcr$2rdacarrier
=504  \\$aIncludes bibliographical references (p. [325]-345) and index.
=506  0\$aOpen Access$fUnrestricted online access$2star
=588  \\$aDescription based on print version record.
=650  \0$aSex in literature.
=650  \0$aAesthetics in literature.
=650  \0$aRomanticism$zGreat Britain.
=650  \0$aEnglish literature$y19th century$xHistory and criticism.
=650  \0$aEnglish literature$y18th century$xHistory and criticism.
=655  \7$aElectronic books. $2local
=710  2\$aProject Muse.$edistributor
=830  \0$aBook collections on Project MUSE.
=856  40$zFull text available: $uhttps://muse.jhu.edu/book/3494/
=945  \\$aProject MUSE - Archive Complete Foundation
=945  \\$aProject MUSE - Archive Literature Foundation

