=LDR  02992cam a22004094a 4500
=001  musev2_3504
=003  MdBmJHUP
=005  20241011034632.0
=006  m\\\\\o\\d\\\\\\\\
=007  cr||||||||nn|n
=008  230125s2008\\\\xx\\\\\\o\\\\\\00\0\und\d
=020  \\$a9781421428383
=020  \\$z9781421403090
=020  \\$z9780801888281
=035  \\$a(OCoLC)794701427
=040  \\$aMdBmJHUP$cMdBmJHUP
=100  1\$aJefferson, Robert F.$eVerfasserIn.$4aut
=245  10$aFighting for Hope : $bAfrican American Troops of the 93rd Infantry Division in World War II and Postwar America
=264  \1$a[Erscheinungsort nicht ermittelbar]$bJohns Hopkins University Press$c2008
=264  \3$aBaltimore, Md. :$bProject MUSE, $c2012
=264  \4$c&copy;2008
=300  \\$a1 online resource (352 pages).
=336  \\$atext$btxt$2rdacontent
=337  \\$acomputer$bc$2rdamedia
=338  \\$aonline resource$bcr$2rdacarrier
=506  0\$aOpen Access$fUnrestricted online access$2star
=520  \\$aThis fascinating history shows how African-American military men and women seized their dignity through barracks culture and community politics during and after World War II.Drawing on oral testimony, unpublished correspondence, archival records, memoirs, and diaries, Robert F. Jefferson explores the curious contradiction of war-effort idealism and entrenched discrimination through the experiences of the 93rd Infantry Division. Led by white officers and presumably unable to fight-and with the army taking great pains to regulate contact between black soldiers and local women-the division was largely relegated to support roles during the advance on the Philippines, seeing action only later in the war when U.S. officials found it unavoidable. Jefferson discusses racial policy within the War Department, examines the lives and morale of black GIs and their families, documents the debate over the deployment of black troops, and focuses on how the soldiers' wartime experiences reshaped their perspectives on race and citizenship in America. He finds in these men and their families incredible resilience in the face of racism at war and at home and shows how their hopes for the future provided a blueprint for America's postwar civil rights struggles.Integrating social history and civil rights movement studies, Fighting for Hope examines the ways in which political meaning and identity were reflected in the aspirations of these black GIs and their role in transforming the face of America.
=546  \\$aEnglish.
=588  \\$aDescription based on print version record.
=650  \4$aHistory of the Americas.
=655  \7$aElectronic books. $2local
=710  2\$aProject Muse.$edistributor
=830  \0$aBook collections on Project MUSE.
=856  40$zFull text available: $uhttps://muse.jhu.edu/book/3504/
=945  \\$aProject MUSE - Archive Complete Foundation
=945  \\$aProject MUSE - Archive History Foundation
=945  \\$aProject MUSE - Archive American Studies Foundation

