=LDR  02098cam a22005174a 4500
=001  musev2_3512
=003  MdBmJHUP
=005  20241011034637.0
=006  m\\\\\o\\d\\\\\\\\
=007  cr||||||||nn|n
=008  060616s2007\\\\mdu\\\\\o\\\\\\00\0\eng\d
=010  \\$z  2006019853
=020  \\$a9781421428406
=020  \\$z9781421403892
=020  \\$z9780801885662
=035  \\$a(OCoLC)605557836
=040  \\$aMdBmJHUP$cMdBmJHUP
=043  \\$an-us-ny$an-us---
=050  04$aF128.44$b.W37 2007
=082  0\$a974.7/03$222
=100  1\$aWaterman, Bryan,$d1970-
=245  10$aRepublic of Intellect : $bThe Friendly Club of New York City and the Making of American Literature / $cBryan Waterman.
=264  \1$aBaltimore :$bJohns Hopkins University Press,$c2007.
=264  \3$aBaltimore, Md. :$bProject MUSE, $c2012
=264  \4$c&copy;2007.
=300  \\$a1 online resource (344 pages): $bill. ;
=336  \\$atext$btxt$2rdacontent
=337  \\$acomputer$bc$2rdamedia
=338  \\$aonline resource$bcr$2rdacarrier
=504  \\$aIncludes bibliographical references and index.
=506  0\$aOpen Access$fUnrestricted online access$2star
=588  \\$aDescription based on print version record.
=651  \0$aUnited States$xIntellectual life$y1783-1865.
=651  \0$aNew York (N.Y.)$xHistory$y1775-1865$vBiography.
=651  \0$aNew York (N.Y.)$xIntellectual life$y18th century.
=650  \0$aAmerican literature$y1783-1850$xHistory and criticism.
=650  \0$aAmerican literature$xSocieties, etc.$xHistory$y18th century.
=650  \0$aFraternal organizations$zNew York (State)$zNew York$xHistory$y18th century.
=650  \0$aIntellectuals$zNew York (State)$zNew York$vBiography.
=610  20$aFriendly Club (New York, N.Y.)
=655  \7$aElectronic books. $2local
=710  2\$aProject Muse.$edistributor
=830  \0$aBook collections on Project MUSE.
=856  40$zFull text available: $uhttps://muse.jhu.edu/book/3512/
=945  \\$aProject MUSE - Archive Complete Foundation
=945  \\$aProject MUSE - Archive US Regional Studies, New England and Mid Atlantic Foundation

