=LDR  01808cam a22004934a 4500
=001  musev2_4416
=003  MdBmJHUP
=005  20241011035745.0
=006  m\\\\\o\\d\\\\\\\\
=007  cr||||||||nn|n
=008  070413s2007\\\\onc\\\\\o\\\\\\00\0\eng\d
=020  \\$a9780776615516
=020  \\$z9780776606514
=035  \\$a(OCoLC)742332989
=040  \\$aMdBmJHUP$cMdBmJHUP
=245  00$aBorderlands : $bComparing Border Security in North America and Europe / $cedited by Emmanuel Brunet-Jailly.
=264  \1$aOttawa :$bUniversity of Ottawa Press,$c2007.
=264  \3$aBaltimore, Md. :$bProject MUSE, $c2012
=264  \4$c&copy;2007.
=300  \\$a1 online resource (406 pages): $bill., maps, port. ;
=336  \\$atext$btxt$2rdacontent
=337  \\$acomputer$bc$2rdamedia
=338  \\$aonline resource$bcr$2rdacarrier
=490  0\$aGovernance series
=506  0\$aOpen Access$fUnrestricted online access$2star
=588  \\$aDescription based on print version record.
=650  \6$aMondialisation.
=650  \6$aSecurite nationale$zEurope.
=650  \6$aSecurite nationale$zAmerique du Nord.
=650  \6$aSecurite frontaliere$zEurope.
=650  \6$aSecurite frontaliere$zAmerique du Nord.
=650  \6$aFrontieres.
=650  \0$aGlobalization.
=650  \0$aNational security$zEurope.
=650  \0$aNational security$zNorth America.
=650  \0$aBorder security$zEurope.
=650  \0$aBorder security$zNorth America.
=650  \0$aBoundaries.
=655  \7$aElectronic books. $2local
=710  2\$aProject Muse.$edistributor
=830  \0$aBook collections on Project MUSE.
=856  40$zFull text available: $uhttps://muse.jhu.edu/book/4416/
=945  \\$aProject MUSE - Archive Complete Foundation
=945  \\$aProject MUSE - Archive Political Science and Policy Studies Foundation

