=LDR  01355cam a22003854a 4500
=001  musev2_4420
=003  MdBmJHUP
=005  20241011035748.0
=006  m\\\\\o\\d\\\\\\\\
=007  cr||||||||nn|n
=008  071016s2007\\\\onc\\\\\o\\\\\\00\0\eng\d
=020  \\$a9780776617640
=020  \\$z0776606638
=020  \\$z9780776606637
=020  \\$z0776617648
=035  \\$a(OCoLC)572816613
=040  \\$aMdBmJHUP$cMdBmJHUP
=100  1\$aSembera, Richard,$d1972-
=245  10$aRephrasing Heidegger : $bA Companion to 'Being and Time' / $cRichard Sembera.
=264  \1$aOttawa :$bUniversity of Ottawa Press,$c2007.
=264  \3$aBaltimore, Md. :$bProject MUSE, $c2012
=264  \4$c&copy;2007.
=300  \\$a1 online resource (330 pages).
=336  \\$atext$btxt$2rdacontent
=337  \\$acomputer$bc$2rdamedia
=338  \\$aonline resource$bcr$2rdacarrier
=490  0\$aCollection Philosophica,$x1480-4670
=506  0\$aOpen Access$fUnrestricted online access$2star
=588  \\$aDescription based on print version record.
=655  \7$aElectronic books. $2local
=710  2\$aProject Muse.$edistributor
=830  \0$aBook collections on Project MUSE.
=856  40$zFull text available: $uhttps://muse.jhu.edu/book/4420/
=945  \\$aProject MUSE - Archive Complete Foundation
=945  \\$aProject MUSE - Archive Philosophy and Religion Foundation

