=LDR  01266cam a22003614a 4500
=001  musev2_4426
=003  MdBmJHUP
=005  20241011035751.0
=006  m\\\\\o\\d\\\\\\\\
=007  cr||||||||nn|n
=008  090609t20092009onc\\\\\o\\\\\\00\0\eng\d
=020  \\$a9780776618791
=020  \\$z9780776607122
=035  \\$a(OCoLC)694140848
=040  \\$aMdBmJHUP$cMdBmJHUP
=100  1\$aSmall, Michael,$d1958-
=245  14$aThe Forgotten Peace : $bMediation at Niagara Falls / $cMichael Small.
=264  \1$aOttawa :$bUniversity of Ottawa Press,$c2009
=264  \3$aBaltimore, Md. :$bProject MUSE, $c2012
=264  \4$c&copy;2009
=300  \\$a1 online resource (198 pages).
=336  \\$atext$btxt$2rdacontent
=337  \\$acomputer$bc$2rdamedia
=338  \\$aonline resource$bcr$2rdacarrier
=490  0\$aGovernance series,$x14873052
=506  0\$aOpen Access$fUnrestricted online access$2star
=588  \\$aDescription based on print version record.
=655  \7$aElectronic books. $2local
=710  2\$aProject Muse.$edistributor
=830  \0$aBook collections on Project MUSE.
=856  40$zFull text available: $uhttps://muse.jhu.edu/book/4426/
=945  \\$aProject MUSE - Archive Complete Foundation
=945  \\$aProject MUSE - Archive History Foundation

