=LDR  01319cam a22003614a 4500
=001  musev2_4435
=003  MdBmJHUP
=005  20241011035759.0
=006  m\\\\\o\\d\\\\\\\\
=007  cr||||||||nn|n
=008  071108s2008\\\\onc\\\\\o\\\\\\00\0\eng\d
=020  \\$a9780776617695
=020  \\$z9780776606699
=035  \\$a(OCoLC)781334887
=040  \\$aMdBmJHUP$cMdBmJHUP
=100  1\$aBrzustowski, T. A.$q(Thomas A.),$d1937-
=245  14$aThe Way Ahead : $bMeeting Canada's Productivity Challenge / $cTom Brzustowski.
=264  \1$aOttawa :$bUniversity of Ottawa Press,$c2008.
=264  \3$aBaltimore, Md. :$bProject MUSE, $c2012
=264  \4$c&copy;2008.
=300  \\$a1 online resource (192 pages): $bill.
=336  \\$atext$btxt$2rdacontent
=337  \\$acomputer$bc$2rdamedia
=338  \\$aonline resource$bcr$2rdacarrier
=490  0\$aGovernance series
=506  0\$aOpen Access$fUnrestricted online access$2star
=588  \\$aDescription based on print version record.
=655  \7$aElectronic books. $2local
=710  2\$aProject Muse.$edistributor
=830  \0$aBook collections on Project MUSE.
=856  40$zFull text available: $uhttps://muse.jhu.edu/book/4435/
=945  \\$aProject MUSE - Archive Complete Foundation
=945  \\$aProject MUSE - Archive Political Science and Policy Studies Foundation

