=LDR  01645cam a22004334a 4500
=001  musev2_4436
=003  MdBmJHUP
=005  20241011035800.0
=006  m\\\\\o\\d\\\\\\\\
=007  cr||||||||nn|n
=008  070613s2007\\\\onc\\\\\o\\\\\\00\0\eng\d
=020  \\$a9780776617725
=020  \\$z9780776606545
=035  \\$a(OCoLC)606045937
=040  \\$aMdBmJHUP$cMdBmJHUP
=245  00$aManaging Diversity : $bPractices of Citizenship / $cedited by Nicholas Brown and Linda Cardinal.
=264  \1$aOttawa :$bUniversity of Ottawa Press,$c2007.
=264  \3$aBaltimore, Md. :$bProject MUSE, $c2012
=264  \4$c&copy;2007.
=300  \\$a1 online resource (232 pages).
=336  \\$atext$btxt$2rdacontent
=337  \\$acomputer$bc$2rdamedia
=338  \\$aonline resource$bcr$2rdacarrier
=506  0\$aOpen Access$fUnrestricted online access$2star
=588  \\$aDescription based on print version record.
=650  \6$aCitoyennete$vCongres.
=650  \6$aMulticulturalisme$zIrlande$vCongres.
=650  \6$aMulticulturalisme$zAustralie$vCongres.
=650  \6$aMulticulturalisme$zCanada$vCongres.
=650  \0$aCitizenship$vCongresses.
=650  \0$aMulticulturalism$zIreland$vCongresses.
=650  \0$aMulticulturalism$zAustralia$vCongresses.
=650  \0$aMulticulturalism$zCanada$vCongresses.
=655  \7$aElectronic books. $2local
=710  2\$aProject Muse.$edistributor
=830  \0$aBook collections on Project MUSE.
=856  40$zFull text available: $uhttps://muse.jhu.edu/book/4436/
=945  \\$aProject MUSE - Archive Complete Foundation
=945  \\$aProject MUSE - Archive Political Science and Policy Studies Foundation

