=LDR  01908cam a22005294a 4500
=001  musev2_4438
=003  MdBmJHUP
=005  20241011035801.0
=006  m\\\\\o\\d\\\\\\\\
=007  cr||||||||nn|n
=008  050919s2005\\\\onc\\\\\o\\\\\\00\0\eng\d
=010  \\$z  2005432297
=020  \\$a9780776615332
=020  \\$z0776605968
=020  \\$z0776615335
=020  \\$z9780776605968
=035  \\$a(OCoLC)180704440
=040  \\$aMdBmJHUP$cMdBmJHUP
=041  0\$aeng$bfre
=043  \\$an-cn---
=050  04$aF1021.2$b.A28 2005
=082  0\$a306/.0971$222
=245  00$aAccounting for Culture : $bThinking Through Cultural Citizenship / $cedited by Caroline Andrew ... [et al.].
=264  \1$aOttawa :$bUniversity of Ottawa Press,$c[2005]
=264  \3$aBaltimore, Md. :$bProject MUSE, $c2012
=264  \4$c&copy;[2005]
=300  \\$a1 online resource (300 pages): $bill. ;
=336  \\$atext$btxt$2rdacontent
=337  \\$acomputer$bc$2rdamedia
=338  \\$aonline resource$bcr$2rdacarrier
=504  \\$aIncludes bibliographical references.
=506  0\$aOpen Access$fUnrestricted online access$2star
=546  \\$aSome text in French.
=588  \\$aDescription based on print version record.
=651  \6$aCanada$xCivilisation$y21e siecle.
=651  \6$aCanada$xVie intellectuelle$y21e siecle$xParticipation des citoyens.
=651  \6$aCanada$xPolitique culturelle.
=651  \0$aCanada$xCivilization$y21st century.
=651  \0$aCanada$xIntellectual life$y21st century$xCitizen participation.
=651  \0$aCanada$xCultural policy.
=655  \7$aElectronic books. $2local
=700  1\$aAndrew, Caroline.
=710  2\$aProject Muse.$edistributor
=830  \0$aBook collections on Project MUSE.
=856  40$zFull text available: $uhttps://muse.jhu.edu/book/4438/
=945  \\$aProject MUSE - Archive Complete Foundation
=945  \\$aProject MUSE - Archive History Foundation

