=LDR  02055cam a22005294a 4500
=001  musev2_4441
=003  MdBmJHUP
=005  20241011035803.0
=006  m\\\\\o\\d\\\\\\\\
=007  cr||||||||nn|n
=008  080820s2008\\\\onc\\\\\o\\\\\\00\0\eng\d
=010  \\$z  2008426752
=020  \\$a9780776617497
=020  \\$z9780776606668
=035  \\$a(OCoLC)311308245
=040  \\$aMdBmJHUP$cMdBmJHUP
=043  \\$af-nr---
=050  04$aKTA4798$b.S25 2008
=082  0\$a365/.9669$222
=100  1\$aSaleh-Hanna, Viviane,$d1976-
=245  10$aColonial Systems of Control : $bCriminal Justice in Nigeria / $cby Viviane Saleh-Hanna ; with contributions by Chris Affor ... [et al.].
=264  \1$aOttawa :$bUniversity of Ottawa Press,$c2008.
=264  \3$aBaltimore, Md. :$bProject MUSE, $c2012
=264  \4$c&copy;2008.
=300  \\$a1 online resource (534 pages): $bill., maps ;
=336  \\$atext$btxt$2rdacontent
=337  \\$acomputer$bc$2rdamedia
=338  \\$aonline resource$bcr$2rdacarrier
=504  \\$aIncludes bibliographical references and index.
=506  0\$aOpen Access$fUnrestricted online access$2star
=588  \\$aDescription based on print version record.
=650  \0$aAlternatives to imprisonment$zNigeria.
=650  \0$aWomen prisoners$xLegal status, laws, etc.$zNigeria.
=650  \0$aWomen prisoners$xCivil rights.$zNigeria.
=650  \0$aPrisoners$xLegal status, laws, etc.$zNigeria.
=650  \0$aPrisoners$xCivil rights$zNigeria.
=650  \0$aCriminal justice, Administration of$zNigeria.
=650  \0$aImprisonment$zNigeria.
=651  \0$aNigeria$xColonial influence.
=655  \7$aElectronic books. $2local
=700  1\$aAffor, Chris.
=710  2\$aProject Muse.$edistributor
=830  \0$aBook collections on Project MUSE.
=856  40$zFull text available: $uhttps://muse.jhu.edu/book/4441/
=945  \\$aProject MUSE - Archive Complete Foundation
=945  \\$aProject MUSE - Archive Political Science and Policy Studies Foundation
=945  \\$aProject MUSE - Archive African Studies Foundation

