=LDR  01327cam a22003494a 4500
=001  musev2_4446
=003  MdBmJHUP
=005  20241011035806.0
=006  m\\\\\o\\d\\\\\\\\
=007  cr||||||||nn|n
=008  090128s2009\\\\onc\\\\\o\\\\\\00\0\eng\d
=020  \\$a9780776617800
=020  \\$z9780776607092
=035  \\$a(OCoLC)606323870
=040  \\$aMdBmJHUP$cMdBmJHUP
=245  00$aConfronting Discrimination and Inequality in China : $bChinese and Canadian Perspectives / $cedited by Errol P. Mendes and Sakunthula Srighanthan.
=264  \1$aOttawa :$bUniversity of Ottawa Press,$c2009
=264  \3$aBaltimore, Md. :$bProject MUSE, $c2012
=264  \4$c&copy;2009
=300  \\$a1 online resource (438 pages).
=336  \\$atext$btxt$2rdacontent
=337  \\$acomputer$bc$2rdamedia
=338  \\$aonline resource$bcr$2rdacarrier
=490  0\$aActexpress,$x1480-4743
=506  0\$aOpen Access$fUnrestricted online access$2star
=588  \\$aDescription based on print version record.
=655  \7$aElectronic books. $2local
=710  2\$aProject Muse.$edistributor
=830  \0$aBook collections on Project MUSE.
=856  40$zFull text available: $uhttps://muse.jhu.edu/book/4446/
=945  \\$aProject MUSE - Archive Complete Foundation
=945  \\$aProject MUSE - Archive Political Science and Policy Studies Foundation

