=LDR  01645cam a22004454a 4500
=001  musev2_4451
=003  MdBmJHUP
=005  20241011035809.0
=006  m\\\\\o\\d\\\\\\\\
=007  cr||||||||nn|n
=008  070712s2007\\\\onc\\\\\o\\\\\\00\0\eng\d
=020  \\$a9780776617718
=020  \\$z9780776606507
=035  \\$a(OCoLC)651971399
=040  \\$aMdBmJHUP$cMdBmJHUP
=100  1\$aBorras, Saturnino M.
=245  10$aPro-Poor Land Reform : $bA Critique / $cSaturnino M. Borras Jr.
=264  \1$aOttawa :$bUniversity of Ottawa Press,$c2007.
=264  \3$aBaltimore, Md. :$bProject MUSE, $c2012
=264  \4$c&copy;2007.
=300  \\$a1 online resource (432 pages).
=336  \\$atext$btxt$2rdacontent
=337  \\$acomputer$bc$2rdamedia
=338  \\$aonline resource$bcr$2rdacarrier
=506  0\$aOpen Access$fUnrestricted online access$2star
=588  \\$aDescription based on print version record.
=650  \6$aReforme agraire$xPolitique gouvernementale$zPhilippines.
=650  \6$aPauvres en milieu rural$zPhilippines.
=650  \6$aReforme agraire.
=650  \0$aLand reform$xGovernment policy$zPhilippines.
=650  \0$aRural poor$zPhilippines.
=650  \0$aLand reform.
=650  \0$aLand reform$zPhilippines.
=610  20$aComprehensive Agrarian Reform Program (Philippines)
=655  \7$aElectronic books. $2local
=710  2\$aProject Muse.$edistributor
=830  \0$aBook collections on Project MUSE.
=856  40$zFull text available: $uhttps://muse.jhu.edu/book/4451/
=945  \\$aProject MUSE - Archive Complete Foundation
=945  \\$aProject MUSE - Archive Political Science and Policy Studies Foundation

