=LDR  01447cam a22004094a 4500
=001  musev2_4457
=003  MdBmJHUP
=005  20241011035815.0
=006  m\\\\\o\\d\\\\\\\\
=007  cr||||||||nn|n
=008  051012s2005\\\\onc\\\\\o\\\\\\00\0\eng\d
=020  \\$a9780776616179
=020  \\$z9780776606163
=035  \\$a(OCoLC)243566180
=040  \\$aMdBmJHUP$cMdBmJHUP
=100  1\$aGupta, Anoop,$d1969-
=245  10$aKierkegaard's Romantic Legacy : $bTwo Theories of the Self / $cAnoop Gupta.
=264  \1$aOttawa :$bUniversity of Ottawa Press,$c2005.
=264  \3$aBaltimore, Md. :$bProject MUSE, $c2012
=264  \4$c&copy;2005.
=300  \\$a1 online resource (142 pages).
=336  \\$atext$btxt$2rdacontent
=337  \\$acomputer$bc$2rdamedia
=338  \\$aonline resource$bcr$2rdacarrier
=490  0\$aPhilosophica,$x14804670
=506  0\$aOpen Access$fUnrestricted online access$2star
=588  \\$aDescription based on print version record.
=600  16$aKierkegaard, Soren,$d1813-1855.
=600  10$aKierkegaard, Soren,$d1813-1855.
=650  \6$aMoi (Philosophie)
=650  \0$aSelf (Philosophy)
=655  \7$aElectronic books. $2local
=710  2\$aProject Muse.$edistributor
=830  \0$aBook collections on Project MUSE.
=856  40$zFull text available: $uhttps://muse.jhu.edu/book/4457/
=945  \\$aProject MUSE - Archive Complete Foundation
=945  \\$aProject MUSE - Archive Philosophy and Religion Foundation

