=LDR  01550cam a22004094a 4500
=001  musev2_4459
=003  MdBmJHUP
=005  20241011035816.0
=006  m\\\\\o\\d\\\\\\\\
=007  cr||||||||nn|n
=008  070502s2007\\\\onc\\\\\o\\\\\\00\0\eng\d
=020  \\$a9780776616315
=020  \\$z9780776606576
=035  \\$a(OCoLC)243571389
=040  \\$aMdBmJHUP$cMdBmJHUP
=245  00$aLanguage Testing Reconsidered / $cedited by Janna Fox ... [et al.].
=264  \1$aOttawa :$bUniversity of Ottawa Press,$c2007.
=264  \3$aBaltimore, Md. :$bProject MUSE, $c2012
=264  \4$c&copy;2007.
=300  \\$a1 online resource (192 pages): $bill. ;
=336  \\$atext$btxt$2rdacontent
=337  \\$acomputer$bc$2rdamedia
=338  \\$aonline resource$bcr$2rdacarrier
=506  0\$aOpen Access$fUnrestricted online access$2star
=588  \\$aDescription based on print version record.
=650  \6$aLangage et langues$xExamens$xRecherche.
=650  \6$aLangage et langues$xExamens.
=650  \6$aLangage et langues$xTests d'aptitude.
=650  \0$aLanguage and languages$xExaminations$xResearch.
=650  \0$aLanguage and languages$xExaminations.
=650  \0$aLanguage and languages$xAbility testing.
=655  \7$aElectronic books. $2local
=710  2\$aProject Muse.$edistributor
=830  \0$aBook collections on Project MUSE.
=856  40$zFull text available: $uhttps://muse.jhu.edu/book/4459/
=945  \\$aProject MUSE - Archive Complete Foundation
=945  \\$aProject MUSE - Archive Political Science and Policy Studies Foundation

