=LDR  01783cam a22004814a 4500
=001  musev2_4460
=003  MdBmJHUP
=005  20241011035817.0
=006  m\\\\\o\\d\\\\\\\\
=007  cr||||||||nn|n
=008  041019s2004\\\\onc\\\\\o\\\\\\00\0\eng\d
=010  \\$z  2004478111
=020  \\$a9780776616094
=020  \\$z9780776605777
=035  \\$a(OCoLC)144080174
=040  \\$aMdBmJHUP$cMdBmJHUP
=043  \\$an-cn---
=050  04$aPR9182.2$b.H66 2004
=082  0\$a810.9/971/071$222
=245  00$aHome-Work : $bPostcolonialism, Pedagogy, and Canadian Literature / $cedited by Cynthia Sugars.
=264  \1$aOttawa :$bUniversity of Ottawa Press,$c2004.
=264  \3$aBaltimore, Md. :$bProject MUSE, $c2012
=264  \4$c&copy;2004.
=300  \\$a1 online resource (545 pages).
=336  \\$atext$btxt$2rdacontent
=337  \\$acomputer$bc$2rdamedia
=338  \\$aonline resource$bcr$2rdacarrier
=490  0\$aReappraisals, Canadian writers,$x1189-6787 ;$v28
=504  \\$aIncludes bibliographical references.
=506  0\$aOpen Access$fUnrestricted online access$2star
=588  \\$aDescription based on print version record.
=650  \0$aPostcolonialism$zCanada.
=650  \0$aPostcolonialism in literature.
=650  \0$aCanadian literature$xHistory and criticism$xTheory, etc.
=650  \0$aCanadian literature$xStudy and teaching$zCanada.
=655  \7$aElectronic books. $2local
=700  1\$aSugars, Cynthia Conchita,$d1963-
=710  2\$aProject Muse.$edistributor
=830  \0$aRe-appraisals, Canadian writers ;$v28.
=830  \0$aBook collections on Project MUSE.
=856  40$zFull text available: $uhttps://muse.jhu.edu/book/4460/
=945  \\$aProject MUSE - Archive Complete Foundation
=945  \\$aProject MUSE - Archive Literature Foundation

