=LDR  02422cam a22004934a 4500
=001  musev2_5458
=003  MdBmJHUP
=005  20241011041121.0
=006  m\\\\\o\\d\\\\\\\\
=007  cr||||||||nn|n
=008  080325s2008\\\\txu\\\\\o\\\\\\00\0\eng\d
=010  \\$z  2008013679
=020  \\$a9781574413717
=020  \\$z9781574412499
=035  \\$a(OCoLC)621699410
=040  \\$aMdBmJHUP$cMdBmJHUP
=043  \\$an-us---
=050  04$aMT95$b.L37 2008
=082  0\$a782.10973$222
=100  1\$aLatham, Edward David.
=245  10$aTonality as Drama : $bClosure and Interruption in Four Twentieth-Century American Operas / $cEdward D. Latham.
=264  \1$aDenton, Tex. :$bUniversity of North Texas Press,$c2008.
=264  \3$aBaltimore, Md. :$bProject MUSE, $c2012
=264  \4$c&copy;2008.
=300  \\$a1 online resource (240 pages): $bill. ;
=336  \\$atext$btxt$2rdacontent
=337  \\$acomputer$bc$2rdamedia
=338  \\$aonline resource$bcr$2rdacarrier
=504  \\$aIncludes bibliographical references (p. 193-210) and index.
=505  0\$aTonality as drama: an introduction -- Dramatic closure: the Stanislavsky system and the attainment of character objectives -- Tonal closure: a Schenkerian approach to tonal drama -- The completed background line with open-ended coda: Scott Joplin's grand opera Treemonisha (1911) -- The multi-movement Anstieg or initial ascent: George Gershwin's folk opera Porgy and Bess (1935) -- The multi-movement initial arpeggiation: Kurt Weill's Broadway opera Street scene (1947) -- The prolonged permanent interruption: Aaron Copland's operatic tone poem The tender land (1954).
=506  0\$aOpen Access$fUnrestricted online access$2star
=588  \\$aDescription based on print version record.
=650  \0$aOpera$zUnited States$y20th century.
=650  \0$aOperas$xAnalysis, appreciation.
=600  10$aCopland, Aaron,$d1900-1990.$tTender land.
=600  10$aGershwin, George,$d1898-1937.$tPorgy and Bess.
=600  10$aWeill, Kurt,$d1900-1950.$tStreet scene.
=600  10$aJoplin, Scott,$d1868-1917.$tTreemonisha.
=655  \7$aElectronic books. $2local
=710  2\$aProject Muse.$edistributor
=830  \0$aBook collections on Project MUSE.
=856  40$zFull text available: $uhttps://muse.jhu.edu/book/5458/
=945  \\$aProject MUSE - Archive Complete Foundation
=945  \\$aProject MUSE - Archive Film, Theater and Performing Arts Foundation

