=LDR  01860cam a22005054a 4500
=001  musev2_5473
=003  MdBmJHUP
=005  20241011041133.0
=006  m\\\\\o\\d\\\\\\\\
=007  cr||||||||nn|n
=008  070713s2007\\\\txu\\\\\o\\\\\\00\0\eng\d
=010  \\$z  2007028412
=020  \\$a9781574413854
=020  \\$z9781574412383
=035  \\$a(OCoLC)294907579
=040  \\$aMdBmJHUP$cMdBmJHUP
=043  \\$an-us-tx
=050  04$aF386.6$b.F65 2007
=082  0\$a917.64/0463$222
=245  00$aFolklore in Motion : $bTexas Travel Lore / $cedited by Kenneth L. Untiedt.
=264  \1$aDenton :$bUniversity of North Texas Press,$c2007.
=264  \3$aBaltimore, Md. :$bProject MUSE, $c2012
=264  \4$c&copy;2007.
=300  \\$a1 online resource (320 pages): $bill., maps ;
=336  \\$atext$btxt$2rdacontent
=337  \\$acomputer$bc$2rdamedia
=338  \\$aonline resource$bcr$2rdacarrier
=490  0\$aPublications of the Texas Folklore Society ;$v64
=504  \\$aIncludes bibliographical references and index.
=506  0\$aOpen Access$fUnrestricted online access$2star
=588  \\$aDescription based on print version record.
=651  \0$aTexas$vFolklore.
=651  \0$aTexas$xSocial life and customs$vAnecdotes.
=651  \0$aTexas$xDescription and travel$vAnecdotes.
=650  \0$aFolklore$zTexas.
=650  \0$aTravelers' writings, American$zTexas.
=650  \0$aTravel$vFolklore.
=655  \7$aElectronic books. $2local
=700  1\$aUntiedt, Kenneth L.,$d1966-
=710  2\$aProject Muse.$edistributor
=830  \0$aPublications of the Texas Folklore Society ;$vno. 64.
=830  \0$aBook collections on Project MUSE.
=856  40$zFull text available: $uhttps://muse.jhu.edu/book/5473/
=945  \\$aProject MUSE - Archive Complete Foundation
=945  \\$aProject MUSE - Archive US Regional Studies, South Foundation

