=LDR  03582cam a22005054a 4500
=001  musev2_5919
=003  MdBmJHUP
=005  20241011041700.0
=006  m\\\\\o\\d\\\\\\\\
=007  cr||||||||nn|n
=008  060727s2006\\\\txu\\\\\o\\\\\\00\0\eng\d
=010  \\$z  2006024644
=020  \\$a9781574413953
=020  \\$z9781574412239
=035  \\$a(OCoLC)604517076
=040  \\$aMdBmJHUP$cMdBmJHUP
=043  \\$an-us-tx
=050  04$aGR110.T5$bF65 2006$aGR1.T4 no.63
=082  0\$a398/.09764$222
=245  00$aFolklore : $bIn All of Us, In All We Do / $cedited by Kenneth L. Untiedt.
=264  \1$aDenton, Tex. :$bUniversity of North Texas Press,$c2006.
=264  \3$aBaltimore, Md. :$bProject MUSE, $c2012
=264  \4$c&copy;2006.
=300  \\$a1 online resource (312 pages): $bill. ;
=336  \\$atext$btxt$2rdacontent
=337  \\$acomputer$bc$2rdamedia
=338  \\$aonline resource$bcr$2rdacarrier
=490  0\$aPublications of the Texas Folklore Society ;$v63
=504  \\$aIncludes bibliographical references and index.
=505  0\$aIs it folklore or history? : the answer may be important / Tom Crum -- The roadrunner in fact and folk-lore / J. Frank Dobie -- Cavalry traditions on the Texas frontier / James T. Matthews -- Gathering at Bill's : maintaining the folklore of Live Oak County / Mary Margaret Dougherty Campbell -- The cooking extravaganza : sequel to "Gathering at Bill's" / Mary Margaret Dougherty Campbell -- Growing up female in Texas : the importance of beauty pageants in Texas communities / Kelly M. Mosel-Talavera -- Madame Blackley : seer of south Texas / Henry Wolff, Jr -- La Llorona's ancestry : crossing cultural boundaries / Gloria Duarte -- Burning brightly : the Easter fires of maternal necessity / Donna Melitio -- Five stands off bottom / Lew Schnitz -- Dispatches from the electronic front lines / Charles Williams -- A rural mail carrier / Milt McAfee (as told by Ben Mead) -- The trials and tribulations of a dirt road country doctor / Mildred Boren Sentell -- Joe Fitzgerald, nurseryman and philosopher / Mary Joe (Fitzgerald) Clendenin -- Water woes and water ways : tales of Texas engineer John B. Hawley / Deborah Lightfoot Sizemore -- The long arm of the law / Martha Emmons -- The police language : the lore of law enforcement communication in west Texas / Kenneth L. Untiedt -- Cactus Jack Garner as folk hero : vice-president of the United States 1933-1940 / Lora B. Garrison -- And lo to Vernon came : the con man, the bootlegger man, and the music man / William N. Stokes, Jr -- Horsetrading and ethics / J. Rhett Rushing -- The lore of retirement and extended care facilities / Kenneth W. Davis -- Folksy, but devout, bookkeeping / George Wilmeth Ewing -- Mi fronteridad in the classroom : the power of writing and sharing stories / Meredith E. Abarca.
=506  0\$aOpen Access$fUnrestricted online access$2star
=588  \\$aDescription based on print version record.
=650  \0$aOccupations$zTexas$xFolklore.
=650  \0$aFolklore$zTexas.
=651  \0$aTexas$xSocial life and customs.
=651  \0$aTexas$xFolklore.
=655  \7$aElectronic books. $2local
=700  1\$aUntiedt, Kenneth L.,$d1966-
=710  2\$aTexas Folklore Society.
=710  2\$aProject Muse.$edistributor
=830  \0$aPublications of the Texas Folklore Society ;$vno. 63.
=830  \0$aBook collections on Project MUSE.
=856  40$zFull text available: $uhttps://muse.jhu.edu/book/5919/
=945  \\$aProject MUSE - Archive Complete Foundation
=945  \\$aProject MUSE - Archive Global Cultural Studies Foundation

