=LDR  01770cam a22004934a 4500
=001  musev2_6372
=003  MdBmJHUP
=005  20241011042220.0
=006  m\\\\\o\\d\\\\\\\\
=007  cr||||||||nn|n
=008  080129s2008\\\\miu\\\\\o\\\\\\00\0\eng\d
=010  \\$z  2008002887
=020  \\$a9780472900497
=020  \\$z9780472070329
=020  \\$z9780472050321
=020  \\$z9780472024506
=035  \\$a(OCoLC)868194684
=040  \\$aMdBmJHUP$cMdBmJHUP
=043  \\$aa-cc---
=050  04$aGV722 2008$b.O96 2008
=082  0\$a796.48$222
=245  00$aOwning the Olympics : $bNarratives of the New China / $cMonroe E. Price and Daniel Dayan, editors.
=264  \1$aAnn Arbor :$bUniversity of Michigan Library,$c2008.
=264  \3$aBaltimore, Md. :$bProject MUSE, $c2012
=264  \4$c&copy;2008.
=300  \\$a1 online resource (424 pages).
=336  \\$atext$btxt$2rdacontent
=337  \\$acomputer$bc$2rdamedia
=338  \\$aonline resource$bcr$2rdacarrier
=504  \\$aIncludes bibliographical references and index.
=506  0\$aOpen Access$fUnrestricted online access$2star
=588  \\$aDescription based on print version record.
=611  20$aOlympic Games$n(29th :$d2008 :$cBeijing, China)
=650  \0$aMass media$zChina.
=650  \0$aOlympics$xPolitical aspects$zChina.
=655  \7$aElectronic books. $2local
=700  1\$aDayan, Daniel,$d1943-
=700  1\$aPrice, Monroe Edwin,$d1938-
=710  2\$aProject Muse.$edistributor
=830  \0$aBook collections on Project MUSE.
=856  40$zFull text available: $uhttps://muse.jhu.edu/book/6372/
=945  \\$aProject MUSE - Archive Complete Foundation
=945  \\$aProject MUSE - Archive History Foundation
=945  \\$aProject MUSE - Archive Asian and Pacific Studies Foundation

