=LDR  03214cam a22004814a 4500
=001  musev2_6377
=003  MdBmJHUP
=005  20241011042223.0
=006  m\\\\\o\\d\\\\\\\\
=007  cr||||||||nn|n
=008  080724s2008\\\\miu\\\\\o\\\\\\00\0\eng\d
=010  \\$z  2008032084
=020  \\$a9780472900534
=020  \\$z9780472116713
=020  \\$z9780472024513
=035  \\$a(OCoLC)794698081
=040  \\$aMdBmJHUP$cMdBmJHUP
=050  04$aPE1404$b.W533 2008
=082  0\$a808/.0420711$222
=245  00$aWiki Writing : $bCollaborative Learning in the College Classroom / $cedited by Robert E. Cummings and Matt Barton.
=264  \1$aAnn Arbor :$bDigital Culture Books, an imprint of the University of Michigan Press and the University of Michigan Library,$c2008.
=264  \3$aBaltimore, Md. :$bProject MUSE, $c2012
=264  \4$c&copy;2008.
=300  \\$a1 online resource (280 pages): $bill. ;
=336  \\$atext$btxt$2rdacontent
=337  \\$acomputer$bc$2rdamedia
=338  \\$aonline resource$bcr$2rdacarrier
=504  \\$aIncludes bibliographical references (p. 237-246) and index.
=505  0\$aWhat was a Wiki, and why do I care? A short and usable history of Wikis / Robert E. Cummings -- Wikis in the classroom: a taxonomy / Mark Phillipson -- Wiki justice, social ergonomics, and ethical collaborations / Jonah Bossewitch ...[et al.] -- Building learning communities with Wikis / Dan Gilbert, Helen L. Chen, and Jeremy Sabol -- Success through simplicity: on developmental writing and communities of inquiry / John W. Maxwell and Michael Felczak -- Disrupting intellectual property: collaboration and resistance in Wikis / Stephanie Vie and Jennifer deWinter -- Agency and accountability: the paradoxes of Wiki discourse / D.A. Caeton -- One Wiki, two classrooms / David Elfving and Ericka Menchen-Trevino -- Content and commentary: parallel structures of organization and interaction on Wikis / Will Lakeman -- Above and below the double line: refactoring and that old-time revision / Michael C. Morgan -- Is there a Wiki in this classroom? Wikibooks and the future of higher education / Matt Barton -- Writing in the Wikishop: constructing knowledge in the electronic classroom / Thomas J. Nelson -- Wiki lore and politics in the classroom / Cathlena Martin and Lisa Dusenberry -- GlossaTechnologia: anatomy of a Wiki-based annotated bibliography / Ben McCorkle -- An (old) first-timer's learning curve: curiosity, trial, resistance, and accommodation / Bob Whipple.
=506  0\$aOpen Access$fUnrestricted online access$2star
=588  \\$aDescription based on print version record.
=650  \0$aUser-generated content.
=650  \0$aInternet publishing.
=650  \0$aAcademic writing$xStudy and teaching (Higher)
=650  \0$aEnglish language$xRhetoric$xStudy and teaching (Higher)
=655  \7$aElectronic books. $2local
=700  1\$aBarton, Matt.
=700  1\$aCummings, Robert E.,$d1967-
=710  2\$aProject Muse.$edistributor
=830  \0$aBook collections on Project MUSE.
=856  40$zFull text available: $uhttps://muse.jhu.edu/book/6377/
=945  \\$aProject MUSE - Archive Complete Foundation
=945  \\$aProject MUSE - Archive Higher Education Foundation

