=LDR  02846cam a22004814a 4500
=001  musev2_6387
=003  MdBmJHUP
=005  20241011042230.0
=006  m\\\\\o\\d\\\\\\\\
=007  cr||||||||nn|n
=008  080125s2008\\\\miu\\\\\o\\\\\\00\0\eng\d
=010  \\$z  2008002885
=020  \\$a9780472900510
=020  \\$z9780472070435
=020  \\$z9780472024537
=020  \\$z9780472050437
=035  \\$a(OCoLC)587601952
=040  \\$aMdBmJHUP$cMdBmJHUP
=050  04$aHM851$b.T87 2008
=082  0\$a303.48/33$222
=245  04$aThe Hyperlinked Society : $bQuestioning Connections in the Digital Age / $cJoseph Turow and Lokman Tsui, editors.
=264  \1$aAnn Arbor :$bUniversity of Michigan Library,$c2008.
=264  \3$aBaltimore, Md. :$bProject MUSE, $c2012
=264  \4$c&copy;2008.
=300  \\$a1 online resource (328 pages): $bill., maps ;
=336  \\$atext$btxt$2rdacontent
=337  \\$acomputer$bc$2rdamedia
=338  \\$aonline resource$bcr$2rdacarrier
=500  \\$a"Digital culture books"--Ser. t.p.
=504  \\$aIncludes bibliographical references (p. 289-303) and index.
=505  0\$aIntroduction: on not taking the hyperlink for granted / Joseph Turow -- Structuring a marketplace of attention / James G. Webster -- The hyperlink as organizing  principle / Alexander Halavais -- Hyperlinking and the forces of "massification" / Philip M. Napoli -- The hyperlink in newspapers and blogs / Lokman Tsui -- The role of expertise in navigating links of influence / Eszter Hargittai -- Google, links, and popularity versus authority / Seth Finkelstein -- The hyperlinked news organization / Martin Nisenholtz -- How hyperlinks ought to change the advertising business / Tom Hespos -- Hyperlinks and marketing insight / Stacey Lynn Schulman -- Hyperlinking and advertising strategy / Eric Picard -- From hyperlinks to hyperties / Marc A. Smith -- The morality of links / David Weinberger -- Linked geographies: maps as mediators of reality / Stefaan G. Verhulst -- Will peasants map? Hyperlinks, map mashups, and the future of information / Jeremy W. Crampton -- The social hyperlink / Lada A. Adamic -- Are hyperlinks "weak ties"? / Markus Prior -- What is the online public sphere good for? / Matthew Hindman.
=506  0\$aOpen Access$fUnrestricted online access$2star
=588  \\$aDescription based on print version record.
=650  \0$aDigital media$xSocial aspects.
=650  \0$aInternet$xSocial aspects.
=655  \7$aElectronic books. $2local
=700  1\$aTsui, Lokman.
=700  1\$aTurow, Joseph.
=710  2\$aProject Muse.$edistributor
=830  \0$aBook collections on Project MUSE.
=856  40$zFull text available: $uhttps://muse.jhu.edu/book/6387/
=945  \\$aProject MUSE - Archive Complete Foundation
=945  \\$aProject MUSE - Archive Political Science and Policy Studies Foundation

