=LDR  03575cam a22005894a 4500
=001  musev2_6405
=003  MdBmJHUP
=005  20241011042241.0
=006  m\\\\\o\\d\\\\\\\\
=007  cr||||||||nn|n
=008  090504s2009\\\\miu\\\\\o\\\\\\00\0\eng\d
=010  \\$z  2009018642
=020  \\$a9780472900428
=020  \\$z9780472116980
=020  \\$z9780472033522
=020  \\$z9780472024483
=035  \\$a(OCoLC)530027737
=040  \\$aMdBmJHUP$cMdBmJHUP
=043  \\$an-us-la
=050  04$aHN80.N45$bC58 2009
=082  0\$a307.3/4160976335090511$222
=245  00$aCivic Engagement in the Wake of Katrina / $cAmy Koritz and George J. Sanchez, editors.
=264  \1$aAnn Arbor :$bUniversity of Michigan Library,$c2009.
=264  \3$aBaltimore, Md. :$bProject MUSE, $c2012
=264  \4$c&copy;2009.
=300  \\$a1 online resource (256 pages): $bill., maps ;
=336  \\$atext$btxt$2rdacontent
=337  \\$acomputer$bc$2rdamedia
=338  \\$aonline resource$bcr$2rdacarrier
=490  0\$aThe new public scholarship
=504  \\$aIncludes bibliographical references and index.
=505  00$t"Bring your own chairs": civic engagement in postdiluvial New Orleans /$rRichard Campanella --$tA reciprocity of tears: community engagement after a disaster /$rPat Evans, Sarah Lewis --$tNot since the Great Depression: the documentary impulse post-Katrina /$rMichael Mizell-Nelson --$tAnother evacuation story /$rRebecca Mark --$tThe vision has its time: culture and civic engagement in postdisaster New Orleans /$rCarol Bebelle --$tHow to raise an army (of creative young people) /$rMat Schwarzman, Keith Knight --$tThe Gulfsouth Youth Action Corps: the story of a local CBO's response to restoring youth programs in New Orleans after Katrina and Rita /$rKyshun Webster, D. Hamilton Simons-Jones --$tWelcoming the newcomers: civic engagement among pre-Katrina Latinos /$rElizabeth Fussell --$tCultural policy and living culture in New Orleans after Katrina /$rCarole Rosenstein --$tHome, New Orleans: university/neighborhood arts collaborations /$rJan Cohen-Cruz --$tInterview with Don Marshall, executive director of the New Orleans jazz and heritage festival foundation /$rAmy Koritz --$tAfterword: civic engagement is a language- what can universities learn from public cultural work in New Orleans? /$rJulie Ellison.
=506  0\$aOpen Access$fUnrestricted online access$2star
=588  \\$aDescription based on print version record.
=651  \0$aNew Orleans (La.)$xIntellectual life$y21st century.
=651  \0$aNew Orleans (La.)$xCultural policy.
=651  \0$aNew Orleans (La.)$xSocial life and customs$y21st century.
=651  \0$aNew Orleans (La.)$xSocial conditions$y21st century.
=650  \0$aPolitical participation$zLouisiana$zNew Orleans$xHistory$y21st century.
=650  \0$aCity and town life$zLouisiana$zNew Orleans$xHistory$y21st century.
=650  \0$aCommunity life$zLouisiana$zNew Orleans$xHistory$y21st century.
=650  \0$aDisaster relief$xSocial aspects$zLouisiana$zNew Orleans$xHistory$y21st century.
=650  \0$aHurricane Katrina, 2005$xSocial aspects$zLouisiana$zNew Orleans.
=655  \7$aElectronic books. $2local
=700  1\$aSanchez, George J.
=700  1\$aKoritz, Amy,$d1955-
=710  2\$aProject Muse.$edistributor
=830  \0$aNew public scholarship.
=830  \0$aBook collections on Project MUSE.
=856  40$zFull text available: $uhttps://muse.jhu.edu/book/6405/
=945  \\$aProject MUSE - Archive Complete Foundation
=945  \\$aProject MUSE - Archive Global Cultural Studies Foundation

