=LDR  01721cam a22004814a 4500
=001  musev2_6410
=003  MdBmJHUP
=005  20241011042246.0
=006  m\\\\\o\\d\\\\\\\\
=007  cr||||||||nn|n
=008  070831s2008\\\\miu\\\\\o\\\\\\00\0\eng\d
=010  \\$z  2007036088
=020  \\$a9780472900480
=020  \\$z9780472050345
=020  \\$z9780472070343
=020  \\$z9780472024445
=035  \\$a(OCoLC)587706199
=040  \\$aMdBmJHUP$cMdBmJHUP
=050  04$aPN167$b.O75 2008
=082  0\$a808$222
=245  00$aOriginality, Imitation, and Plagiarism : $bTeaching Writing in the Digital Age / $cCaroline Eisner and Martha Vicinus, editors.
=264  \1$aAnn Arbor :$bUniversity of Michigan Press,$c2008.
=264  \3$aBaltimore, Md. :$bProject MUSE, $c2012
=264  \4$c&copy;2008.
=300  \\$a1 online resource (280 pages).
=336  \\$atext$btxt$2rdacontent
=337  \\$acomputer$bc$2rdamedia
=338  \\$aonline resource$bcr$2rdacarrier
=504  \\$aIncludes bibliographical references (p. 247-251) and index.
=506  0\$aOpen Access$fUnrestricted online access$2star
=588  \\$aDescription based on print version record.
=650  \0$aAuthorship$xStudy and teaching.
=650  \0$aCreation (Literary, artistic, etc.)
=650  \0$aImitation in literature.
=650  \0$aPlagiarism.
=655  \7$aElectronic books. $2local
=700  1\$aVicinus, Martha.
=700  1\$aEisner, Caroline,$d1965-
=710  2\$aProject Muse.$edistributor
=830  \0$aBook collections on Project MUSE.
=856  40$zFull text available: $uhttps://muse.jhu.edu/book/6410/
=945  \\$aProject MUSE - Archive Complete Foundation
=945  \\$aProject MUSE - Archive Higher Education Foundation

