=LDR  02618cam a22005654a 4500
=001  musev2_6420
=003  MdBmJHUP
=005  20241011042252.0
=006  m\\\\\o\\d\\\\\\\\
=007  cr||||||||nn|n
=008  080417s2008\\\\miu\\\\\o\\\\\\00\0\eng\d
=010  \\$z  2008015026
=020  \\$a9780472900473
=020  \\$z9780472024469
=020  \\$z9780472050444
=020  \\$z9780472070442
=035  \\$a(OCoLC)436155908
=040  \\$aMdBmJHUP$cMdBmJHUP
=043  \\$ae-uk---
=050  04$aPR878.D4$bM55 2008
=082  0\$a823/.087209$222
=100  1\$aMiller, Elizabeth Carolyn,$d1974-
=245  10$aFramed : $bThe New Woman Criminal in British Culture at the Fin de Siecle / $cElizabeth Carolyn Miller.
=264  \1$aAnn Arbor :$bUniversity of Michigan Library,$c2008.
=264  \3$aBaltimore, Md. :$bProject MUSE, $c2012
=264  \4$c&copy;2008.
=300  \\$a1 online resource (295 pages): $bill. ;
=336  \\$atext$btxt$2rdacontent
=337  \\$acomputer$bc$2rdamedia
=338  \\$aonline resource$bcr$2rdacarrier
=504  \\$aIncludes filmography: p. 253.
=504  \\$aIncludes bibliographical references (p. 255-272) and index.
=505  0\$aPrivate and public eyes : Sherlock Holmes and the invisible woman -- Beautiful for ever! cosmetics, consumerism, L.T. Meade, and Madame Rachel -- The limits of the gaze : class, gender, and authority in early British cinema -- Dynamite, interrupted : gender in James's and Conrad's novels of failed terror -- "An invitation to dynamite" : female revolutionaries in late-Victorian dynamite narrative.
=506  0\$aOpen Access$fUnrestricted online access$2star
=588  \\$aDescription based on print version record.
=650  \0$aWomen in popular culture$zGreat Britain$xHistory$y19th century.
=650  \0$aDetective and mystery films$zGreat Britain$xHistory and criticism.
=650  \0$aLiterature and society$zGreat Britain$xHistory$y19th century.
=650  \0$aFeminism and literature$zGreat Britain$xHistory$y19th century.
=650  \0$aConsumption (Economics) in literature.
=650  \0$aTerrorism in literature.
=650  \0$aFemale offenders in literature.
=650  \0$aEnglish fiction$y19th century$xHistory and criticism.
=650  \0$aDetective and mystery stories, English$xHistory and criticism.
=655  \7$aElectronic books. $2local
=710  2\$aProject Muse.$edistributor
=830  \0$aBook collections on Project MUSE.
=856  40$zFull text available: $uhttps://muse.jhu.edu/book/6420/
=945  \\$aProject MUSE - Archive Complete Foundation
=945  \\$aProject MUSE - Archive Literature Foundation

