=LDR  03586cam a22006014a 4500
=001  musev2_6541
=003  MdBmJHUP
=005  20241011042418.0
=006  m\\\\\o\\d\\\\\\\\
=007  cr||||||||nn|n
=008  990419s1999\\\\onc\\\\\o\\\\\\00\0\eng\d
=020  \\$a9780776615301
=020  \\$z9780776604855
=035  \\$a(OCoLC)144080423
=040  \\$aMdBmJHUP$cMdBmJHUP
=245  02$aA Quarter-Century of Normalization and Social Role Valorization : $bEvolution and Impact / $cedited by Robert J. Flynn & Raymond A. Lemay.
=264  \1$aOttawa [Ont.] :$bUniversity of Ottawa Press,$c1999.
=264  \3$aBaltimore, Md. :$bProject MUSE, $c2012
=264  \4$c©1999.
=300  \\$a1 online resource (571 pages): $billustrations
=336  \\$atext$btxt$2rdacontent
=337  \\$acomputer$bc$2rdamedia
=338  \\$aonline resource$bcr$2rdacarrier
=500  \\$aRevised versions of papers originally presented at a conference held in Ottawa, May 1994.
=505  0\$aTable of Contents; Part 1: Introduction; Chapter 1 Normalization and Social Role Valorization at a quarter-century: Evolution, impact, and renewal; Part 2: Historical Evolution of Normalization and Social Role Valorization Theory; Chapter 2 How I came to formulate the Normalization principle; Chapter 3 A contribution to the history of Normalization, with primary emphasis on the establishment of Normalization in North America between 1967-1975; Chapter 4 The North American formulation of the principle of Normalization; Chapter 5 An overview of Social Role Valorization.
=506  0\$aOpen Access$fUnrestricted online access$2star
=520  \\$aDuring the late 1960s, Normalization and Social Role Valorization (SRV) enabled the widespread emergence of community residential options and then provided the philosophical climate within which educational integration, supported employment, and community participation were able to take firm root. This book is unique in tracing the evolution and impact of Normalization and SRV over the last quarter-century, with many of the chapter authors personally involved in a still-evolving international movement.
=546  \\$aEnglish.
=588  \\$aDescription based on print version record.
=650  \7$aSociology of disability$2fast
=650  \7$aSocial role$2fast
=650  \7$aPeople with disabilities$xSocial conditions$2fast
=650  \7$aSOCIAL SCIENCE$xSociology$xGeneral.$2bisacsh
=650  \7$aPhilosophy.$2bicssc
=650  \7$aHumanities.$2bicssc
=650  \6$aRôle social$vCongres.
=650  \6$aPersonnes handicapees$xConditions sociales$vCongres.
=650  \6$aHandicap$xAspect sociologique$vCongres.
=650  \0$aSocial role$vCongresses.
=650  \0$aPeople with disabilities$xSocial conditions$vCongresses.
=650  \0$aSociology of disability$vCongresses.
=655  \7$aActes de congres.$2rvmgf
=655  \7$aConference papers and proceedings.$2lcgft
=655  \7$aConference papers and proceedings$2fast
=655  \7$aproceedings (reports)$2aat
=655  \7$aElectronic books. $2local
=700  1\$aLemay, Raymond A.,$d1952-$1https://id.oclc.org/worldcat/entity/E39PCjvwytBwMcx9qcVGftGkfy
=700  1\$aFlynn, Robert J.$q(Robert John),$d1942-$1https://id.oclc.org/worldcat/entity/E39PCjGTdMJf3yVBcrXpXGxj3P
=710  2\$aProject Muse.$edistributor
=830  \0$aBook collections on Project MUSE.
=856  40$zFull text available: $uhttps://muse.jhu.edu/book/6541/
=945  \\$aProject MUSE - Archive Complete Foundation
=945  \\$aProject MUSE - Archive Political Science and Policy Studies Foundation

