=LDR  01980cam a22005174a 4500
=001  musev2_6551
=003  MdBmJHUP
=005  20241011042424.0
=006  m\\\\\o\\d\\\\\\\\
=007  cr||||||||nn|n
=008  940412s1994\\\\onc\\\\\o\\\\\\00\0\eng\d
=010  \\$z   95118406 
=020  \\$a9780776615592
=020  \\$z9780776603872
=035  \\$a(OCoLC)243500930
=040  \\$aMdBmJHUP$cMdBmJHUP
=043  \\$an-cn---
=050  04$aR692$b.C38 1994
=082  0\$a305.43/61/0971$220
=245  00$aCaring and Curing : $bHistorical Perspectives on Women and Healing in Canada / $cedited by Dianne Dodd and Deborah Gorham.
=264  \1$aOttawa :$bUniversity of Ottawa Press,$c1994.
=264  \3$aBaltimore, Md. :$bProject MUSE, $c2012
=264  \4$c&copy;1994.
=300  \\$a1 online resource (218 pages).
=336  \\$atext$btxt$2rdacontent
=337  \\$acomputer$bc$2rdamedia
=338  \\$aonline resource$bcr$2rdacarrier
=490  0\$aSocial sciences series ;$v18.$aCanadian society
=504  \\$aIncludes bibliographical references and index.
=506  0\$aOpen Access$fUnrestricted online access$2star
=588  \\$aDescription based on print version record.
=650  22$aPhysicians, Women$xhistory$zCanada.
=650  22$aMidwifery$xhistory$zCanada.
=650  12$aDelivery of Health Care$xhistory$zCanada.
=650  \0$aMedical care$zCanada$xHistory.
=650  \0$aWomen in medicine$zCanada$xHistory.
=655  \7$aElectronic books. $2local
=700  1\$aGorham, Deborah.
=700  1\$aDodd, Dianne E.$q(Dianne Elizabeth),$d1955-
=710  2\$aProject Muse.$edistributor
=830  \0$aSocial sciences (Ottawa, Ont.).$pCanadian society.
=830  \0$aSocial sciences (Ottawa, Ont.) ;$v18.
=830  \0$aBook collections on Project MUSE.
=856  40$zFull text available: $uhttps://muse.jhu.edu/book/6551/
=945  \\$aProject MUSE - Archive Complete Foundation
=945  \\$aProject MUSE - Archive Political Science and Policy Studies Foundation

