=LDR  01612cam a22004574a 4500
=001  musev2_6552
=003  MdBmJHUP
=005  20241011042425.0
=006  m\\\\\o\\d\\\\\\\\
=007  cr||||||||nn|n
=008  001012s2000\\\\onc\\\\\o\\\\\\00\0\eng\d
=020  \\$a9780776615608
=020  \\$z9780776605241
=035  \\$a(OCoLC)180704442
=040  \\$aMdBmJHUP$cMdBmJHUP
=245  00$aChanging the Terms : $bTranslating in the Postcolonial Era / $cedited by Sherry Simon and Paul St.-Pierre.
=264  \1$aOttawa :$bUniversity of Ottawa Press,$c2000.
=264  \3$aBaltimore, Md. :$bProject MUSE, $c2012
=264  \4$c&copy;2000.
=300  \\$a1 online resource (272 pages).
=336  \\$atext$btxt$2rdacontent
=337  \\$acomputer$bc$2rdamedia
=338  \\$aonline resource$bcr$2rdacarrier
=506  0\$aOpen Access$fUnrestricted online access$2star
=588  \\$aDescription based on print version record.
=650  \6$aPostcolonialisme.
=650  \6$aAcculturation.
=650  \6$aLangage et culture.
=650  \6$aLitterature et societe.
=650  \6$aTraduction$xAspect social.
=650  \0$aPostcolonialism.
=650  \0$aAcculturation.
=650  \0$aLanguage and culture.
=650  \0$aLiterature and society.
=650  \0$aTranslating and interpreting$xSocial aspects.
=655  \7$aElectronic books. $2local
=710  2\$aProject Muse.$edistributor
=830  \0$aBook collections on Project MUSE.
=856  40$zFull text available: $uhttps://muse.jhu.edu/book/6552/
=945  \\$aProject MUSE - Archive Complete Foundation
=945  \\$aProject MUSE - Archive Literature Foundation

