=LDR  01406cam a22003854a 4500
=001  musev2_6553
=003  MdBmJHUP
=005  20241011042426.0
=006  m\\\\\o\\d\\\\\\\\
=007  cr||||||||nn|n
=008  060509s2006\\\\onc\\\\\o\\\\\\00\0\eng\d
=020  \\$a9780776615615
=020  \\$z9780776606248
=035  \\$a(OCoLC)243587547
=040  \\$aMdBmJHUP$cMdBmJHUP
=245  00$aCharting the Future of Translation History / $cedited by Georges L. Bastin and Paul F. Bandia.
=264  \1$aOttawa :$bUniversity of Ottawa Press,$c2006.
=264  \3$aBaltimore, Md. :$bProject MUSE, $c2012
=264  \4$c&copy;2006.
=300  \\$a1 online resource (351 pages).
=336  \\$atext$btxt$2rdacontent
=337  \\$acomputer$bc$2rdamedia
=338  \\$aonline resource$bcr$2rdacarrier
=506  0\$aOpen Access$fUnrestricted online access$2star
=588  \\$aDescription based on print version record.
=650  \6$aTraduction$xMethodologie.
=650  \6$aTraduction$xHistoire.
=650  \0$aTranslating and interpreting$xMethodology.
=650  \0$aTranslating and interpreting$xHistory.
=655  \7$aElectronic books. $2local
=710  2\$aProject Muse.$edistributor
=830  \0$aBook collections on Project MUSE.
=856  40$zFull text available: $uhttps://muse.jhu.edu/book/6553/
=945  \\$aProject MUSE - Archive Complete Foundation
=945  \\$aProject MUSE - Archive Literature Foundation

