=LDR  02080cam a22004934a 4500
=001  musev2_6556
=003  MdBmJHUP
=005  20241011042429.0
=006  m\\\\\o\\d\\\\\\\\
=007  cr||||||||nn|n
=008  990331s1999\\\\onc\\\\\o\\\\\\00\0\eng\d
=020  \\$a9780776615738
=020  \\$z9780776604930
=035  \\$a(OCoLC)181843534
=040  \\$aMdBmJHUP$cMdBmJHUP
=245  00$aCyberidentities : $bCanadian and European Presence in Cyberspace / $cedited by Leen d'Haenens ; A.L. Cobb ... [et al.].
=264  \1$aOttawa :$bUniversity of Ottawa Press,$c1999.
=264  \3$aBaltimore, Md. :$bProject MUSE, $c2012
=264  \4$c&copy;1999.
=300  \\$a1 online resource (224 pages).
=336  \\$atext$btxt$2rdacontent
=337  \\$acomputer$bc$2rdamedia
=338  \\$aonline resource$bcr$2rdacarrier
=490  0\$aInternational Canadian studies series = Collection internationale d'etudes canadiennes,$xISSN 1489-713X
=506  0\$aOpen Access$fUnrestricted online access$2star
=588  \\$aDescription based on print version record.
=650  \6$aInternet$zPays de la Communaute europeenne.
=650  \6$aAutoroutes electroniques$zPays de la Communaute europeenne.
=650  \6$aTechnologie de l'information$zPays de la Communaute europeenne.
=650  \6$aInternet$zCanada.
=650  \6$aAutoroutes electroniques$zCanada.
=650  \6$aTechnologie de l'information$zCanada.
=650  \0$aInternet (Computer network)$zEuropean Union countries.
=650  \0$aInformation superhighway$zEuropean Union countries.
=650  \0$aInformation technology$zEuropean Union countries.
=650  \0$aInternet (Computer network)$zCanada.
=650  \0$aInformation superhighway$zCanada.
=650  \0$aInformation technology$zCanada.
=655  \7$aElectronic books. $2local
=710  2\$aProject Muse.$edistributor
=830  \0$aBook collections on Project MUSE.
=856  40$zFull text available: $uhttps://muse.jhu.edu/book/6556/
=945  \\$aProject MUSE - Archive Complete Foundation
=945  \\$aProject MUSE - Archive Global Cultural Studies Foundation

