=LDR  01615cam a22003974a 4500
=001  musev2_6561
=003  MdBmJHUP
=005  20241011042432.0
=006  m\\\\\o\\d\\\\\\\\
=007  cr||||||||nn|n
=008  990920s1999\\\\onc\\\\\o\\\\\\00\0\eng\d
=020  \\$a9780776615912
=020  \\$z9780776605111
=035  \\$a(OCoLC)742332953
=040  \\$aMdBmJHUP$cMdBmJHUP
=245  00$aFeminist Success Stories - Célébrons nos réussites féministes / $cedited by Karen A. Blackford, Marie-Luce Garceau, Sandra Kirby = Celebrons nos reussites feministessous la direction de Karen A. Blackford, Marie-Luce Garceau, Sandra Kirby.
=264  \1$aOttawa :$bUniversity of Ottawa Press = Presses de l'Universite d'Ottawa,$c1999.
=264  \3$aBaltimore, Md. :$bProject MUSE, $c2012
=264  \4$c©1999.
=300  \\$a1 online resource (348 pages).
=336  \\$atext$btxt$2rdacontent
=337  \\$acomputer$bc$2rdamedia
=338  \\$aonline resource$bcr$2rdacarrier
=506  0\$aOpen Access$fUnrestricted online access$2star
=588  \\$aDescription based on print version record.
=650  \0$aVolunteers$zCanada.
=650  \0$aWomen$xEmployment$zCanada.
=650  \0$aWomen$xHealth and hygiene$zCanada.
=650  \0$aWomen$xEducation$zCanada.
=650  \0$aFeminism$zCanada.
=655  \7$aElectronic books. $2local
=710  2\$aProject Muse.$edistributor
=830  \0$aBook collections on Project MUSE.
=856  40$zFull text available: $uhttps://muse.jhu.edu/book/6561/
=945  \\$aProject MUSE - Archive Complete Foundation
=945  \\$aProject MUSE - Archive Global Cultural Studies Foundation

