=LDR  01291cam a22003734a 4500
=001  musev2_6563
=003  MdBmJHUP
=005  20241011042433.0
=006  m\\\\\o\\d\\\\\\\\
=007  cr||||||||nn|n
=008  981104s1999\\\\onc\\\\\o\\\\\\00\0\eng\d
=020  \\$a9780776615967
=020  \\$z9780776604558
=035  \\$a(OCoLC)181843560
=040  \\$aMdBmJHUP$cMdBmJHUP
=100  1\$aMcHenry, Henry Davis.
=245  10$aFrom Cognition to Being : $bProlegomena for Teachers / $cHenry Davis McHenry.
=264  \1$aOttawa :$bUniversity of Ottawa Press,$c1999.
=264  \3$aBaltimore, Md. :$bProject MUSE, $c2012
=264  \4$c&copy;1999.
=300  \\$a1 online resource (189 pages): $bill. ;
=336  \\$atext$btxt$2rdacontent
=337  \\$acomputer$bc$2rdamedia
=338  \\$aonline resource$bcr$2rdacarrier
=490  0\$aMentor ;$vno. 2
=506  0\$aOpen Access$fUnrestricted online access$2star
=588  \\$aDescription based on print version record.
=650  \6$aPedagogie$xPhilosophie.
=650  \0$aTeaching$xPhilosophy.
=655  \7$aElectronic books. $2local
=710  2\$aProject Muse.$edistributor
=830  \0$aBook collections on Project MUSE.
=856  40$zFull text available: $uhttps://muse.jhu.edu/book/6563/
=945  \\$aProject MUSE - Archive Complete Foundation

