=LDR  01573cam a22004334a 4500
=001  musev2_6570
=003  MdBmJHUP
=005  20241011042438.0
=006  m\\\\\o\\d\\\\\\\\
=007  cr||||||||nn|n
=008  990302s1999\\\\onc\\\\\o\\\\\\00\0\eng\d
=020  \\$a9780776616056
=020  \\$z9780776604886
=035  \\$a(OCoLC)181843516
=040  \\$aMdBmJHUP$cMdBmJHUP
=100  1\$aPaquet, Gilles,$d1936-
=245  10$aGovernance Through Social Learning / $cGilles Paquet.
=264  \1$aOttawa :$bUniversity of Ottawa Press,$c1999.
=264  \3$aBaltimore, Md. :$bProject MUSE, $c2012
=264  \4$c&copy;1999.
=300  \\$a1 online resource (272 pages): $bill. ;
=336  \\$atext$btxt$2rdacontent
=337  \\$acomputer$bc$2rdamedia
=338  \\$aonline resource$bcr$2rdacarrier
=490  0\$aGovernance series
=506  0\$aOpen Access$fUnrestricted online access$2star
=588  \\$aDescription based on print version record.
=650  \6$aApprentissage social.
=650  \6$aAdministration publique$xAspect social.
=650  \6$aGouvernement d'entreprise$xAspect social.
=650  \0$aSocial learning.
=650  \0$aPublic administration$xSocial aspects.
=650  \0$aCorporate governance$xSocial aspects.
=655  \7$aElectronic books. $2local
=710  2\$aProject Muse.$edistributor
=830  \0$aBook collections on Project MUSE.
=856  40$zFull text available: $uhttps://muse.jhu.edu/book/6570/
=945  \\$aProject MUSE - Archive Complete Foundation
=945  \\$aProject MUSE - Archive Political Science and Policy Studies Foundation

