=LDR  01300cam a22003614a 4500
=001  musev2_6573
=003  MdBmJHUP
=005  20241011042439.0
=006  m\\\\\o\\d\\\\\\\\
=007  cr||||||||nn|n
=008  981023s1998\\\\onc\\\\\o\\\\\\00\0\eng\d
=020  \\$a9780776616124
=020  \\$z9780776604893
=035  \\$a(OCoLC)646692950
=040  \\$aMdBmJHUP$cMdBmJHUP
=245  00$aImages of Canadianness : $bVisions on Canada's Politics, Culture, and Economics / $cedited by Leen d'Haenens ; L. Balthazar ... [et al.].
=264  \1$aOttawa :$bUniversity of Ottawa Press,$c1998.
=264  \3$aBaltimore, Md. :$bProject MUSE, $c2012
=264  \4$c&copy;1998.
=300  \\$a1 online resource (255 pages).
=336  \\$atext$btxt$2rdacontent
=337  \\$acomputer$bc$2rdamedia
=338  \\$aonline resource$bcr$2rdacarrier
=506  0\$aOpen Access$fUnrestricted online access$2star
=588  \\$aDescription based on print version record.
=651  \6$aCanada.
=651  \0$aCanada.
=655  \7$aElectronic books. $2local
=710  2\$aProject Muse.$edistributor
=830  \0$aBook collections on Project MUSE.
=856  40$zFull text available: $uhttps://muse.jhu.edu/book/6573/
=945  \\$aProject MUSE - Archive Complete Foundation
=945  \\$aProject MUSE - Archive History Foundation

