=LDR  01368cam a22003614a 4500
=001  musev2_6577
=003  MdBmJHUP
=005  20241011042443.0
=006  m\\\\\o\\d\\\\\\\\
=007  cr||||||||nn|n
=008  010529s2001\\\\onc\\\\\o\\\\\\00\0\eng\d
=020  \\$a9780776616582
=020  \\$z9780776604466
=035  \\$a(OCoLC)181843504
=040  \\$aMdBmJHUP$cMdBmJHUP
=245  00$aMargaret Laurence : $bCritical Reflections / $cedited and with an introduction by David Staines.
=264  \1$aOttawa :$bUniversity of Ottawa Press,$c2001.
=264  \3$aBaltimore, Md. :$bProject MUSE, $c2012
=264  \4$c&copy;2001.
=300  \\$a1 online resource (179 pages).
=336  \\$atext$btxt$2rdacontent
=337  \\$acomputer$bc$2rdamedia
=338  \\$aonline resource$bcr$2rdacarrier
=506  0\$aOpen Access$fUnrestricted online access$2star
=588  \\$aDescription based on print version record.
=600  16$aLaurence, Margaret,$d1926-1987$xCritique et interpretation.
=600  10$aLaurence, Margaret,$d1926-1987$xCriticism and interpretation.
=655  \7$aElectronic books. $2local
=710  2\$aProject Muse.$edistributor
=830  \0$aBook collections on Project MUSE.
=856  40$zFull text available: $uhttps://muse.jhu.edu/book/6577/
=945  \\$aProject MUSE - Archive Complete Foundation
=945  \\$aProject MUSE - Archive Literature Foundation

