=LDR  02235cam a22005534a 4500
=001  musev2_6578
=003  MdBmJHUP
=005  20241011042444.0
=006  m\\\\\o\\d\\\\\\\\
=007  cr||||||||nn|n
=008  950925s1995\\\\onc\\\\\o\\\\\\00\0\eng\d
=010  \\$z   96229486 
=020  \\$a9780776616599
=020  \\$z9780776604169
=035  \\$a(OCoLC)232586688
=040  \\$aMdBmJHUP$cMdBmJHUP
=043  \\$an-cnm--
=050  04$aE99.M6$bR45 1995
=082  0\$a971.5/004973$221
=100  1\$aReid, Jennifer,$d1962-
=245  10$aMyth, Symbol, and Colonial Encounter : $bBritish and Mi'kmaq in Acadia, 1700-1867 / $cJennifer Reid.
=264  \1$aOttawa :$bUniversity of Ottawa Press,$c1995.
=264  \3$aBaltimore, Md. :$bProject MUSE, $c2012
=264  \4$c©1995.
=300  \\$a1 online resource (133 pages).
=336  \\$atext$btxt$2rdacontent
=337  \\$acomputer$bc$2rdamedia
=338  \\$aonline resource$bcr$2rdacarrier
=504  \\$aIncludes bibliographical references (p. [117]-129) and index.
=506  0\$aOpen Access$fUnrestricted online access$2star
=588  \\$aDescription based on print version record.
=650  \6$aIndiens$zAmerique du Nord$zProvinces maritimes$xReligion.
=650  \6$aMicmac (Indiens)$xReligion.
=650  \6$aIndiens$zAmerique du Nord$zCanada$xRelations avec l'État$y1830-1860.
=650  \6$aIndiens$zAmerique du Nord$zCanada$xRelations avec l'État$yJusqu'à 1830.
=650  \6$aMicmac (Indiens)$zProvinces maritimes$xHistoire$y19e siecle.
=650  \6$aMicmac (Indiens)$zProvinces maritimes$xHistoire$y18e siecle.
=650  \0$aMicmac Indians$xReligion.
=650  \0$aMicmac Indians$zMaritime Provinces$xGovernment relations.
=650  \0$aMicmac Indians$zMaritime Provinces$xHistory.
=651  \6$aAcadie$xHistoire.
=651  \0$aAcadia$xHistory.
=655  \7$aElectronic books. $2local
=710  2\$aProject Muse.$edistributor
=830  \0$aBook collections on Project MUSE.
=856  40$zFull text available: $uhttps://muse.jhu.edu/book/6578/
=945  \\$aProject MUSE - Archive Complete Foundation
=945  \\$aProject MUSE - Archive History Foundation
=945  \\$aProject MUSE - Archive Native American and Indigenous Studies Foundation

