=LDR  03772cam a22006494a 4500
=001  musev2_6581
=003  MdBmJHUP
=005  20241011042446.0
=006  m\\\\\o\\d\\\\\\\\
=007  cr||||||||nn|n
=008  030523s2003\\\\onc\\\\\o\\\\\\00\0\eng\d
=010  \\$z  2020718237
=020  \\$a9780776616667
=020  \\$z9780776605456
=035  \\$a(OCoLC)181843542
=040  \\$aMdBmJHUP$cMdBmJHUP
=245  00$aNot Written in Stone : $bJews, Constitutions, and Constitutionalism in Canada / $cDaniel J. Elazar, Michael Brown and Ira Robinson, editors.
=264  \1$a[Ottawa, Ont.] :$bUniversity of Ottawa Press,$c[2003]
=264  \3$aBaltimore, Md. :$bProject MUSE, $c2012
=264  \4$c©[2003]
=300  \\$a1 online resource (208 pages).
=336  \\$atext$btxt$2rdacontent
=337  \\$acomputer$bc$2rdamedia
=338  \\$aonline resource$bcr$2rdacarrier
=490  0\$aReligions and beliefs series,$x1480-4700 ;$vno. 11
=505  0\$aIn Memoriam: Daniel J. Elazar; Foreword; Acknowledgements; Part I: The Setting; Issues and Contexts: An Introduction; Using Foundation Documents in the Study of Jewish Public Affairs; 'Do Justice to Us!' Jews and the Constitution of Canada; Part II: Analysis and Discussion; Kissing Cousins: The Early History of Congregations Shearith Israel of New York City and Montreal; Signs of the Times: Changing Notions of Citizenship, Governance, and Authority as Reflected in Synagogue Constitutions
=505  0\$aThey Work in Faithfulness: Constitutional Documents of Jewish Communal Organizations Other Than SynagoguesPart III: Selected Documents (Excerpts); Charitable and Welfare Organizations; Cultural and Educational Organizations; Federations; National Organizations; Patriotic Organizations; Professional Associations; Secular and Social Organizations; Self-Help Organizations; Social Organizations; Students' and Women's Organizations; Zionist and Israel-Related Organizations; Synagogues; Contributors
=506  0\$aOpen Access$fUnrestricted online access$2star
=520  \\$aUsing long-ignored constitutions of various Jewish organizations, this unique book uncovers the political history of Canadian Jewry since its beginning during the 1700s. Building on the premise that Jews, since time immemorial, have written down their values and ideologies, this study effectively demonstrates how these writings record the principles and values that motivated a community.
=588  \\$aDescription based on print version record.
=650  \7$aSynagogues$2fast
=650  \7$aJews$2fast
=650  \6$aJuifs$zCanada$xAssociations$xStatuts.
=650  \6$aJuifs$zCanada$xAssociations$vStatuts.
=650  \6$aJuifs$xDroit$zCanada.
=650  \6$aJuifs$zCanada$xHistoire$vSources.
=650  \6$aJuifs$zCanada$xRelations avec l'État.
=650  \6$aSynagogues$zCanada$xHistoire$vSources.
=650  \6$aJuifs$zCanada$xAssociations$xHistoire$vSources.
=650  \0$aJews$xLegal status, laws, etc.$zCanada.
=650  \0$aJews$zCanada$xGovernment relations.
=650  \0$aSynagogues$zCanada$xHistory$vSources.
=650  \0$aJews$zCanada$xSocieties, etc.$xBy-laws.
=650  \0$aJews$zCanada$xHistory$vSources.
=651  \7$aCanada$2fast
=655  \7$aSources$2fast
=655  \7$aHistory$2fast
=655  \7$aElectronic books. $2local
=700  1\$aRobinson, Ira,$d1951-
=700  1\$aElazar, Daniel Judah.
=700  1\$aBrown, Michael$q(Michael G.),$d1938-
=710  2\$aProject Muse.$edistributor
=830  \0$aBook collections on Project MUSE.
=856  40$zFull text available: $uhttps://muse.jhu.edu/book/6581/
=945  \\$aProject MUSE - Archive Complete Foundation
=945  \\$aProject MUSE - Archive History Foundation
=945  \\$aProject MUSE - Archive Jewish Studies Foundation

