=LDR  03208cam a22005894a 4500
=001  musev2_6587
=003  MdBmJHUP
=005  20241011042449.0
=006  m\\\\\o\\d\\\\\\\\
=007  cr||||||||nn|n
=008  980914s1998\\\\onc\\\\\o\\\\\\00\0\eng\d
=020  \\$a9780776616858
=020  \\$z9780776604817
=035  \\$a(OCoLC)181843501
=040  \\$aMdBmJHUP$cMdBmJHUP
=245  00$aRethinking the Future of the University / $cedited by David Lyle Jeffrey and Dominic Manganiello.
=264  \1$aOttawa [Ont.] :$bUniversity of Ottawa Press,$c1998.
=264  \3$aBaltimore, Md. :$bProject MUSE, $c2012
=264  \4$c&copy;1998.
=300  \\$a1 online resource (180 pages).
=336  \\$atext$btxt$2rdacontent
=337  \\$acomputer$bc$2rdamedia
=338  \\$aonline resource$bcr$2rdacarrier
=490  0\$aMentor
=505  0\$aPart 1. Where did we come from? -- The original idea of the university / B. Carlos Bazan -- Newman, theology and the contemporary university / George M. Marsden -- part 2. Where are we now? -- The politicization of the university and its consequences / Jean Bethke Elshtain -- Can humane literacy survive without a grand narrative? / David Lyle Jeffrey -- part 3. Where are we going? -- The future of teaching / Mark R. Schwehn -- The future of research / Roger Miller -- The future of the university : from postmodern to transmodern / Paul C. Vitz -- Will technology save us? / Dominic Manganiello.
=506  0\$aOpen Access$fUnrestricted online access$2star
=520  \\$aThis distinguished collection of essays, edited under the direction of David Lyle Jeffrey and Dominic Manganiello, emerged from the discussions that surrounded the 1995-1996 McMartin Lectures. Dedicated to studying the relationship and contributions of historic Christian thought to the intellectual life of university disciplines, this series of lectures served as an occasion for scholars to rethink the present crisis in the relationship between the historic identity of the university and the development of the modern university.
=546  \\$aEnglish.
=588  \\$aDescription based on print version record.
=650  \7$aUniversities and colleges$2fast
=650  \7$aEducation, Higher$2fast
=650  \7$aEDUCATION$xHigher.$2bisacsh
=650  \7$aProse: non-fiction.$2bicssc
=650  \7$aLiterature and literary studies.$2bicssc
=650  \7$aLiterary essays.$2bicssc
=650  \7$auniversities (institutions)$2aat
=650  \7$acolleges (institutions)$2aat
=650  \7$ahigher education.$2aat
=650  \6$aEnseignement superieur.
=650  \6$aUniversites.
=650  \2$aUniversities
=650  \0$aEducation, Higher.
=650  \0$aUniversities and colleges.
=655  \7$aAnthologies.$2lcgft
=655  \7$aElectronic books. $2local
=700  1\$aManganiello, Dominic.
=700  1\$aJeffrey, David Lyle,$d1941-$1https://id.oclc.org/worldcat/entity/E39PBJcgtVKtQxrpXYTrRWJ7HC
=710  2\$aProject Muse.$edistributor
=830  \0$aBook collections on Project MUSE.
=856  40$zFull text available: $uhttps://muse.jhu.edu/book/6587/
=945  \\$aProject MUSE - Archive Complete Foundation
=945  \\$aProject MUSE - Archive Higher Education Foundation

