=LDR  01911cam a22004694a 4500
=001  musev2_6592
=003  MdBmJHUP
=005  20241011042452.0
=006  m\\\\\o\\d\\\\\\\\
=007  cr||||||||nn|n
=008  880825s1986\\\\onc\\\\\o\\\\\\00\0\eng\d
=010  \\$z   87167119 
=020  \\$a9780776616940
=020  \\$z9780776601465
=035  \\$a(OCoLC)181843517
=040  \\$aMdBmJHUP$cMdBmJHUP
=050  04$aPR9199.3.L367$bZ87 1986
=082  0\$a818/.5209$219
=245  00$aStephen Leacock : $bA Reappraisal / $cedited and with an introduction by David Staines.
=264  \1$a[Ottawa] :$bUniversity of Ottawa Press,$c1986.
=264  \3$aBaltimore, Md. :$bProject MUSE, $c2012
=264  \4$c&copy;1986.
=300  \\$a1 online resource (184 pages): $bill. ;
=336  \\$atext$btxt$2rdacontent
=337  \\$acomputer$bc$2rdamedia
=338  \\$aonline resource$bcr$2rdacarrier
=500  \\$a"Originated in the Leacock Symposium, which was held under the auspices of the Department of English at the University of Ottawa on April 26-27, 1985"--P. 2.
=504  \\$aBibliography: p. 161-170.
=504  \\$a"Stephen Leacock: the writer and his writings": p. 133-160.
=506  0\$aOpen Access$fUnrestricted online access$2star
=588  \\$aDescription based on print version record.
=600  10$aLeacock, Stephen,$d1869-1944$vBibliography.
=600  10$aLeacock, Stephen,$d1869-1944$xCriticism and interpretation$vCongresses.
=651  \0$aCanada$xIn literature$vCongresses.
=655  \7$aElectronic books. $2local
=700  1\$aStaines, David,$d1946-
=711  2\$aLeacock Symposium$d(1985 :$cUniversity of Ottawa)
=710  2\$aProject Muse.$edistributor
=830  \0$aBook collections on Project MUSE.
=856  40$zFull text available: $uhttps://muse.jhu.edu/book/6592/
=945  \\$aProject MUSE - Archive Complete Foundation
=945  \\$aProject MUSE - Archive Literature Foundation

