=LDR  02373cam a22004814a 4500
=001  musev2_6594
=003  MdBmJHUP
=005  20241011042453.0
=006  m\\\\\o\\d\\\\\\\\
=007  cr||||||||nn|n
=008  961021s1996\\\\onc\\\\\o\\\\\\00\0\eng\d
=010  \\$z   97116094 
=020  \\$a9780776616995
=020  \\$z9780776603995
=035  \\$a(OCoLC)629782603
=040  \\$aMdBmJHUP$cMdBmJHUP
=041  0\$aengspa
=050  04$aPC4498$b.B44 1996
=082  0\$a428/.0261/07$221
=100  1\$aBeeby Lonsdale, Allison.
=245  10$aTeaching Translation from Spanish to English : $bWorlds Beyond Words / $cAllison Beeby Lonsdale.
=264  \1$aOttawa :$bUniversity of Ottawa Press,$c1996.
=264  \3$aBaltimore, Md. :$bProject MUSE, $c2012
=264  \4$c©1996.
=300  \\$a1 online resource (256 pages): $bill. ;
=336  \\$atext$btxt$2rdacontent
=337  \\$acomputer$bc$2rdamedia
=338  \\$aonline resource$bcr$2rdacarrier
=504  \\$aIncludes bibliographical references and index.
=505  0\$aThe importance of translation -- The importance of prose translation -- Can translation be taught? -- Teaching professional prose translation -- Translation (theory) -- Translating (process) -- A translation (text) -- Ideal translator communicative competence -- Student translator communicative competence -- The teaching context -- Achieving objectives -- Words in context -- Sentences in context -- Deverbalization -- Restricted codes and transcoding -- Cohesion and coherence -- Appendix: Selected structural contrasts and guided bibliography.
=506  0\$aOpen Access$fUnrestricted online access$2star
=546  \\$aEnglish and Spanish.
=588  \\$aDescription based on print version record.
=650  \6$aTraduction$xÉtude et enseignement (Superieur)
=650  \6$aEspagnol (Langue)$xTraduction en anglais$xÉtude et enseignement (Superieur)
=650  \0$aTranslating and interpreting$xStudy and teaching (Higher)
=650  \0$aSpanish language$xTranslating into English$xStudy and teaching (Higher)
=655  \7$aElectronic books. $2local
=710  2\$aProject Muse.$edistributor
=830  \0$aBook collections on Project MUSE.
=856  40$zFull text available: $uhttps://muse.jhu.edu/book/6594/
=945  \\$aProject MUSE - Archive Complete Foundation
=945  \\$aProject MUSE - Archive Higher Education Foundation

