=LDR  01787cam a22004094a 4500
=001  musev2_6595
=003  MdBmJHUP
=005  20241011042454.0
=006  m\\\\\o\\d\\\\\\\\
=007  cr||||||||nn|n
=008  030408s2003\\\\onc\\\\\o\\\\\\00\0\eng\d
=020  \\$a9780776617039
=020  \\$z9780776605517
=020  \\$z9780776630229
=035  \\$a(OCoLC)742332961
=040  \\$aMdBmJHUP$cMdBmJHUP
=245  04$aThe Canadian Distinctiveness into the XXIst Century - La distinction canadienne au tournant du XXIe siecle / $cedited by Chad Gaffield, Karen L. Gould = La distinction canadienne au tournant du XXIe sieclesous la direction de Chad Gaffield, Karen L. Gould.
=264  \1$aOttawa :$bUniversity of Ottawa Press = Presses de l'Universite d'Ottawa,$c2003.
=264  \3$aBaltimore, Md. :$bProject MUSE, $c2012
=264  \4$c&copy;2003.
=300  \\$a1 online resource (230 pages): $bill. ;
=336  \\$atext$btxt$2rdacontent
=337  \\$acomputer$bc$2rdamedia
=338  \\$aonline resource$bcr$2rdacarrier
=490  0\$aInternational Canadian studies series = Collection internationale d'etudes canadiennes,$x1489-713X
=506  0\$aOpen Access$fUnrestricted online access$2star
=588  \\$aDescription based on print version record.
=651  \0$aCanada$xForecasting$vCongresses.
=651  \0$aCanada$xCivilization$vCongresses.
=651  \0$aCanada$vCongresses.
=650  \0$aCanada$xCivilization$xForecasting$vCongresses.
=655  \7$aElectronic books. $2local
=710  2\$aProject Muse.$edistributor
=830  \0$aBook collections on Project MUSE.
=856  40$zFull text available: $uhttps://muse.jhu.edu/book/6595/
=945  \\$aProject MUSE - Archive Complete Foundation
=945  \\$aProject MUSE - Archive Political Science and Policy Studies Foundation

