=LDR  02049cam a22004814a 4500
=001  musev2_6611
=003  MdBmJHUP
=005  20241011042506.0
=006  m\\\\\o\\d\\\\\\\\
=007  cr||||||||nn|n
=008  790717m19782000onc\\\\\o\\\\\\00\0\eng\d
=010  \\$z   79309321 
=020  \\$a9780776617282
=020  \\$z9780776605043
=035  \\$a(OCoLC)181843489
=040  \\$aMdBmJHUP$cMdBmJHUP
=050  04$aPR1966$b.A34
=082  0\$a821/.2
=130  0\$aCursor mundi.
=245  14$aThe Southern Version of Cursor Mundi, Vol. V / $cgeneral editor, Sarah M. Horrall.
=264  \1$aOttawa :$bUniversity of Ottawa Press,$c1978-c2000.
=264  \3$aBaltimore, Md. :$bProject MUSE, $c2012
=264  \4$c&copy;1978-c2000.
=300  \\$a1 online resource (320 pages).
=336  \\$atext$btxt$2rdacontent
=337  \\$acomputer$bc$2rdamedia
=338  \\$aonline resource$bcr$2rdacarrier
=490  0\$aVol. 1-4: Ottawa mediaeval texts and studies ;$vno. 5, 13-14, 16
=504  \\$aIncludes bibliographical references and index.
=505  0\$av. 1. Lines 1-9228 / edited by Sarah M. Horrall -- v. 2. Lines 9229-12712 / edited by Roger R. Fowler -- v. 3. Lines 12713-17082 / edited by Henry J. Stauffenberg -- v. 4. Lines 17289-21346 / edited by Peter H.J. Mous -- v. 5. Lines 2148-23898 / edited by Laurence M. Eldredge and Anne L. Klinck.
=506  0\$aOpen Access$fUnrestricted online access$2star
=588  \\$aDescription based on print version record.
=630  00$aBible$xHistory of Biblical events$xPoetry.
=650  \0$aManuscripts, Medieval.
=650  \0$aChristian poetry, English (Middle)
=655  \7$aElectronic books. $2local
=700  1\$aHorrall, Sarah M.
=710  2\$aProject Muse.$edistributor
=830  \0$aPublications medievales de l'Universite d'Ottawa ;$vno. 5, 13-14, 16.
=830  \0$aBook collections on Project MUSE.
=856  40$zFull text available: $uhttps://muse.jhu.edu/book/6611/
=945  \\$aProject MUSE - Archive Complete Foundation
=945  \\$aProject MUSE - Archive Literature Foundation

