=LDR  01450cam a22004094a 4500
=001  musev2_6618
=003  MdBmJHUP
=005  20241011042510.0
=006  m\\\\\o\\d\\\\\\\\
=007  cr||||||||nn|n
=008  920226s1992\\\\onc\\\\\o\\\\\\00\0\eng\d
=020  \\$a9780776617374
=020  \\$z9780776603551
=035  \\$a(OCoLC)181843530
=040  \\$aMdBmJHUP$cMdBmJHUP
=100  1\$aGorman, Jonathan,$d1946-
=245  10$aUnderstanding History : $bAn Introduction to Analytical Philosophy of History / $cJonathan Gorman.
=264  \1$aOttawa :$bUniversity of Ottawa Press,$c1992.
=264  \3$aBaltimore, Md. :$bProject MUSE, $c2012
=264  \4$c&copy;1992.
=300  \\$a1 online resource (135 pages).
=336  \\$atext$btxt$2rdacontent
=337  \\$acomputer$bc$2rdamedia
=338  \\$aonline resource$bcr$2rdacarrier
=490  0\$aPhilosophica ;$vno. 42
=506  0\$aOpen Access$fUnrestricted online access$2star
=588  \\$aDescription based on print version record.
=650  \6$aHistoriographie.
=650  \6$aHistoire$xPhilosophie.
=650  \0$aHistoriography.
=650  \0$aHistory$xPhilosophy.
=655  \7$aElectronic books. $2local
=710  2\$aProject Muse.$edistributor
=830  \0$aBook collections on Project MUSE.
=856  40$zFull text available: $uhttps://muse.jhu.edu/book/6618/
=945  \\$aProject MUSE - Archive Complete Foundation
=945  \\$aProject MUSE - Archive Philosophy and Religion Foundation

