=LDR  01466cam a22004094a 4500
=001  musev2_6619
=003  MdBmJHUP
=005  20241011042511.0
=006  m\\\\\o\\d\\\\\\\\
=007  cr||||||||nn|n
=008  911211s1991\\\\onc\\\\\o\\\\\\00\0\eng\d
=010  \\$z   91226075 
=020  \\$a9780776617411
=020  \\$z9780776603261
=035  \\$a(OCoLC)181843578
=040  \\$aMdBmJHUP$cMdBmJHUP
=050  04$aPR9199.2.M65$bV65 1991
=082  0\$a813/.3$220
=100  1\$aMoodie, Susanna,$d1803-1885.
=245  10$aVoyages : $bShort Narratives of Susanna Moodie / $cedited by John Thurston.
=264  \1$aOttawa :$bUniversity of Ottawa Press,$c1991.
=264  \3$aBaltimore, Md. :$bProject MUSE, $c2012
=264  \4$c&copy;1991.
=300  \\$a1 online resource (256 pages).
=336  \\$atext$btxt$2rdacontent
=337  \\$acomputer$bc$2rdamedia
=338  \\$aonline resource$bcr$2rdacarrier
=506  0\$aOpen Access$fUnrestricted online access$2star
=588  \\$aDescription based on print version record.
=651  \0$aCanada$xSocial life and customs$xFiction.
=655  \7$aElectronic books. $2local
=700  1\$aThurston, John Harry,$d1955-
=710  2\$aProject Muse.$edistributor
=830  \0$aBook collections on Project MUSE.
=856  40$zFull text available: $uhttps://muse.jhu.edu/book/6619/
=945  \\$aProject MUSE - Archive Complete Foundation
=945  \\$aProject MUSE - Archive Poetry, Fiction and Creative Non-Fiction Foundation

