=LDR  01554cam a22004334a 4500
=001  musev2_6620
=003  MdBmJHUP
=005  20241011042514.0
=006  m\\\\\o\\d\\\\\\\\
=007  cr||||||||nn|n
=008  890424s1988\\\\onc\\\\\o\\\\\\00\0\eng\d
=010  \\$z   89135524 
=020  \\$a9780776617428
=020  \\$z9780776601632
=035  \\$a(OCoLC)181843508
=040  \\$aMdBmJHUP$cMdBmJHUP
=043  \\$an-cn---
=050  04$aJV7253$b.R63 1988
=082  0\$a364.6/8$219
=100  1\$aRoberts, Barbara Ann.
=245  10$aWhence They Came : $bDeportation from Canada 1900 - 1935 / $cBarbara Roberts ; foreword by Irving Abella.
=264  \1$a[Ottawa] :$bUniversity of Ottawa Press,$c1988.
=264  \3$aBaltimore, Md. :$bProject MUSE, $c2012
=264  \4$c&copy;1988.
=300  \\$a1 online resource (264 pages): $bill. ;
=336  \\$atext$btxt$2rdacontent
=337  \\$acomputer$bc$2rdamedia
=338  \\$aonline resource$bcr$2rdacarrier
=504  \\$aBibliography: p. [237]-246.
=506  0\$aOpen Access$fUnrestricted online access$2star
=588  \\$aDescription based on print version record.
=650  \0$aDeportation$zCanada$xHistory.
=651  \0$aCanada$xEmigration and immigration$xGovernment policy$xHistory.
=655  \7$aElectronic books. $2local
=710  2\$aProject Muse.$edistributor
=830  \0$aBook collections on Project MUSE.
=856  40$zFull text available: $uhttps://muse.jhu.edu/book/6620/
=945  \\$aProject MUSE - Archive Complete Foundation
=945  \\$aProject MUSE - Archive History Foundation

