=LDR  01571cam a22004574a 4500
=001  musev2_7240
=003  MdBmJHUP
=005  20241011043238.0
=006  m\\\\\o\\d\\\\\\\\
=007  cr||||||||nn|n
=008  090811s2010\\\\miu\\\\\o\\\\\\00\0\eng\d
=010  \\$z  2009033066
=020  \\$a9780472900459
=020  \\$z9780472050802
=020  \\$z9780472026609
=020  \\$z9780472070800
=035  \\$a(OCoLC)655249214
=040  \\$aMdBmJHUP$cMdBmJHUP
=050  04$aGV859.8$b.Y64 2010
=082  0\$a796.22$222
=100  1\$aYochim, Emily Chivers.
=245  10$aSkate Life : $bRe-Imagining White Masculinity / $cEmily Chivers Yochim.
=264  \1$aAnn Arbor :$bUniversity of Michigan Press,$c2010.
=264  \3$aBaltimore, Md. :$bProject MUSE, $c2012
=264  \4$c&copy;2010.
=300  \\$a1 online resource (240 pages): $bill. ;
=336  \\$atext$btxt$2rdacontent
=337  \\$acomputer$bc$2rdamedia
=338  \\$aonline resource$bcr$2rdacarrier
=504  \\$aIncludes bibliographical references.
=506  0\$aOpen Access$fUnrestricted online access$2star
=588  \\$aDescription based on print version record.
=650  \0$aMen, White$zUnited States$xAttitudes.
=650  \0$aMasculinity in sports.
=650  \0$aSkateboarding$xSocial aspects.
=655  \7$aElectronic books. $2local
=710  2\$aProject Muse.$edistributor
=830  \0$aBook collections on Project MUSE.
=856  40$zFull text available: $uhttps://muse.jhu.edu/book/7240/
=945  \\$aProject MUSE - 2010 Global Cultural Studies
=945  \\$aProject MUSE - 2010 Complete

