=LDR  02175cam a22004934a 4500
=001  musev2_7312
=003  MdBmJHUP
=005  20241011043329.0
=006  m\\\\\o\\d\\\\\\\\
=007  cr||||||||nn|n
=008  080625s2008\\\\utu\\\\\o\\\\\\00\0\eng\d
=010  \\$z  2008025853
=020  \\$a9780874217063
=020  \\$z9780874217056
=020  \\$z9781607327783
=035  \\$a(OCoLC)741612962
=040  \\$aMdBmJHUP$cMdBmJHUP
=043  \\$an-us---
=050  04$aHE2763$b.F73 2008
=082  0\$a385.3/120979242$222
=100  1\$aFrancaviglia, Richard V.
=245  10$aOver the Range : $bA History of the Promontory Summit Route of the Pacific Railroad / $cRichard V. Francaviglia.
=264  \1$aLogan :$bUtah State University Press,$c2008.
=264  \3$aBaltimore, Md. :$bProject MUSE, $c2012
=264  \4$c&copy;2008.
=300  \\$a1 online resource (336 pages): $bill. (some col.), maps (some col.) ;
=336  \\$atext$btxt$2rdacontent
=337  \\$acomputer$bc$2rdamedia
=338  \\$aonline resource$bcr$2rdacarrier
=504  \\$aIncludes bibliographical references (p. 307-322) and index.
=505  0\$aEnvisioning Promontory (1820-1850) -- In the path of history (1850-1865) -- The battle of the maps (1865-1868) -- A moment of glory : Promontory, 1869 -- On the early mainline (1869-1875) -- Big time railroading (1875-1904) -- A regional branchline (1904-1942) -- A changing countryside & landscape (1904-1942) -- Remembering Promontory (1942-present) -- Epilogue : full circle.
=506  0\$aOpen Access$fUnrestricted online access$2star
=588  \\$aDescription based on print version record.
=610  20$aCentral Pacific Railroad Company$xHistory.
=610  20$aUnion Pacific Railway Company.
=650  \0$aRailroads$xHistory.
=650  \0$aRailroads$zWest (U.S.)$xHistory.
=650  \0$aPacific railroads.
=655  \7$aElectronic books. $2local
=710  2\$aProject Muse.$edistributor
=830  \0$aBook collections on Project MUSE.
=856  40$zFull text available: $uhttps://muse.jhu.edu/book/7312/
=945  \\$aProject MUSE - Archive Complete Foundation
=945  \\$aProject MUSE - Archive US Regional Studies, West Foundation

