=LDR  01512cam a22004214a 4500
=001  musev2_7372
=003  MdBmJHUP
=005  20241011043410.0
=006  m\\\\\o\\d\\\\\\\\
=007  cr||||||||nn|n
=008  050617s2005\\\\txu\\\\\o\\\\\\00\0\eng\d
=010  \\$z  2005017061
=020  \\$a9781574414042
=020  \\$z9781574412024
=035  \\$a(OCoLC)228136521
=040  \\$aMdBmJHUP$cMdBmJHUP
=043  \\$an-us---
=050  04$aLB1583.8$b.I57 2005
=082  0\$a371.39$222
=245  00$aInside the Classroom (And Out) : $bHow We Learn through Folklore / $cedited by Kenneth L. Untiedt.
=264  \1$aDenton, TX :$bUniversity of North Texas Press,$c2005.
=264  \3$aBaltimore, Md. :$bProject MUSE, $c2012
=264  \4$c&copy;2005.
=300  \\$a1 online resource (336 pages): $bill. ;
=336  \\$atext$btxt$2rdacontent
=337  \\$acomputer$bc$2rdamedia
=338  \\$aonline resource$bcr$2rdacarrier
=504  \\$aIncludes bibliographical references and index.
=506  0\$aOpen Access$fUnrestricted online access$2star
=588  \\$aDescription based on print version record.
=650  \0$aFolklore and education$zUnited States.
=655  \7$aElectronic books. $2local
=700  1\$aUntiedt, Kenneth L.,$d1966-
=710  2\$aProject Muse.$edistributor
=830  \0$aBook collections on Project MUSE.
=856  40$zFull text available: $uhttps://muse.jhu.edu/book/7372/
=945  \\$aProject MUSE - Archive Complete Foundation
=945  \\$aProject MUSE - Archive Literature Foundation

