=LDR  01771cam a22004694a 4500
=001  musev2_7381
=003  MdBmJHUP
=005  20241011043417.0
=006  m\\\\\o\\d\\\\\\\\
=007  cr||||||||nn|n
=008  040519s2004\\\\txu\\\\\o\\\\\\00\0\eng\d
=010  \\$z  2004011885
=020  \\$a9781574414134
=020  \\$z9781574411843
=035  \\$a(OCoLC)59157469
=040  \\$aMdBmJHUP$cMdBmJHUP
=043  \\$an-us-tx$an-mx---
=050  04$aGR1$b.T4 no.61$aGR110.T4
=082  0\$a398.2/09764$222
=245  00$aBoth Sides of the Border : $bA Scattering of Texas Folklore / $cedited by Francis Edward Abernethy, Kenneth L. Untiedt.
=264  \1$aDenton :$bUniversity of North Texas Press,$c2004.
=264  \3$aBaltimore, Md. :$bProject MUSE, $c2012
=264  \4$c&copy;2004.
=300  \\$a1 online resource (320 pages): $bill. ;
=336  \\$atext$btxt$2rdacontent
=337  \\$acomputer$bc$2rdamedia
=338  \\$aonline resource$bcr$2rdacarrier
=490  0\$aPublications of the Texas Folklore Society ;$v61
=504  \\$aIncludes bibliographical references and index.
=506  0\$aOpen Access$fUnrestricted online access$2star
=588  \\$aDescription based on print version record.
=650  \0$aTales$zMexican-American Border Region.
=650  \0$aTales$zTexas.
=655  \7$aElectronic books. $2local
=700  1\$aUntiedt, Kenneth L.,$d1966-
=700  1\$aAbernethy, Francis Edward.
=710  2\$aProject Muse.$edistributor
=830  \0$aPublications of the Texas Folklore Society ;$vno. 61.
=830  \0$aBook collections on Project MUSE.
=856  40$zFull text available: $uhttps://muse.jhu.edu/book/7381/
=945  \\$aProject MUSE - Archive Complete Foundation
=945  \\$aProject MUSE - Archive US Regional Studies, South Foundation

