=LDR  02184cam a22005054a 4500
=001  musev2_7388
=003  MdBmJHUP
=005  20241011043421.0
=006  m\\\\\o\\d\\\\\\\\
=007  cr||||||||nn|n
=008  040311s2004\\\\txu\\\\\o\\\\\\00\0\eng\d
=010  \\$z  2004005846
=020  \\$a9781574414202
=020  \\$z9781574411751
=035  \\$a(OCoLC)59157493
=040  \\$aMdBmJHUP$cMdBmJHUP
=043  \\$an-us-tx
=050  04$aF392.H37$bC695 2004
=082  0\$a333.72/09764/14$222
=100  1\$aCozine, James.
=245  10$aSaving the Big Thicket : $bFrom Exploration to Preservation, 1685-2003 / $cJames J. Cozine, Jr. ; foreword and afterword by Pete A.Y. Gunter.
=264  \1$aDenton :$bBig Thicket Association/University of North Texas Press,$c2004.
=264  \3$aBaltimore, Md. :$bProject MUSE, $c2012
=264  \4$c&copy;2004.
=300  \\$a1 online resource (312 pages): $bill., maps ;
=336  \\$atext$btxt$2rdacontent
=337  \\$acomputer$bc$2rdamedia
=338  \\$aonline resource$bcr$2rdacarrier
=500  \\$a"Number 4 in the Temple Big Thicket Series."
=504  \\$aIncludes bibliographical references and index.
=505  0\$aThe Indians' assault -- The Spanish assault -- The Anglo assault -- A timber bonanza -- Oil exploration in the Big Thicket -- The drive for preservation -- The Yarborough years -- Urbanites and intellectuals -- Consensus and compromise.
=506  0\$aOpen Access$fUnrestricted online access$2star
=588  \\$aDescription based on print version record.
=650  \0$aHistoric preservation$zTexas$zBig Thicket.
=650  \0$aEnvironmental protection$zTexas$zBig Thicket.
=651  \0$aBig Thicket National Preserve (Tex.)
=651  \0$aBig Thicket (Tex.)$xEnvironmental conditions.
=651  \0$aBig Thicket (Tex.)$xHistory.
=655  \7$aElectronic books. $2local
=710  2\$aProject Muse.$edistributor
=830  \0$aTemple Big Thicket series ;$vno. 4.
=830  \0$aBook collections on Project MUSE.
=856  40$zFull text available: $uhttps://muse.jhu.edu/book/7388/
=945  \\$aProject MUSE - Archive Complete Foundation
=945  \\$aProject MUSE - Archive US Regional Studies, South Foundation

