=LDR  02121cam a22005414a 4500
=001  musev2_7400
=003  MdBmJHUP
=005  20241011043430.0
=006  m\\\\\o\\d\\\\\\\\
=007  cr||||||||nn|n
=008  020515s2002\\\\txu\\\\\o\\\\\\00\0\eng\d
=010  \\$z  2002007706
=020  \\$a9781574414332
=020  \\$z9781574411508
=035  \\$a(OCoLC)55610356
=040  \\$aMdBmJHUP$cMdBmJHUP
=043  \\$an-us-tx
=050  04$aCC305$b.E84 2002
=082  0\$a726/.9$221
=100  1\$aEverett, Holly J.,$d1968-
=245  10$aRoadside Crosses in Contemporary Memorial Culture / $cby Holly Everett.
=250  \\$a1st ed.
=264  \1$aDenton :$bUniversity of North Texas Press,$c2002.
=264  \3$aBaltimore, Md. :$bProject MUSE, $c2012
=264  \4$c&copy;2002.
=300  \\$a1 online resource (160 pages): $bill., map ;
=336  \\$atext$btxt$2rdacontent
=337  \\$acomputer$bc$2rdamedia
=338  \\$aonline resource$bcr$2rdacarrier
=504  \\$aIncludes bibliographical references (p. 127-138) and index.
=505  0\$aMemorial culture : the material response to loss -- The cross-cultural roadside cross -- Roadside memorial case studies -- Bereavement made manifest -- Cross connections, social meanings.
=506  0\$aOpen Access$fUnrestricted online access$2star
=588  \\$aDescription based on print version record.
=650  \0$aDeath$xSocial aspects$zTexas$zAustin Region.
=650  \0$aFuneral rites and ceremonies$zTexas$zAustin Region.
=650  \0$aRoadside architecture$zTexas$zAustin Region.
=650  \0$aCrosses$zTexas$zAustin Region.
=650  \0$aDeath$xSocial aspects.
=650  \0$aFuneral rites and ceremonies.
=650  \0$aRoadside architecture.
=650  \0$aCrosses.
=651  \0$aAustin (Tex.)$xSocial life and customs.
=655  \7$aElectronic books. $2local
=710  2\$aProject Muse.$edistributor
=830  \0$aBook collections on Project MUSE.
=856  40$zFull text available: $uhttps://muse.jhu.edu/book/7400/
=945  \\$aProject MUSE - Archive Complete Foundation
=945  \\$aProject MUSE - Archive Global Cultural Studies Foundation

