=LDR  01739cam a22004694a 4500
=001  musev2_7920
=003  MdBmJHUP
=005  20241011044032.0
=006  m\\\\\o\\d\\\\\\\\
=007  cr||||||||nn|n
=008  020118r20021919miu\\\\\o\\\\\\00\0\eng\d
=010  \\$z  2002016751
=020  \\$a9780814335857
=020  \\$z9780814343951
=020  \\$z0814335853
=035  \\$a(OCoLC)755624534
=040  \\$aMdBmJHUP$cMdBmJHUP
=043  \\$an-us---$an-us-mi
=050  04$aTN140.O8$bO73 2002
=082  0\$a324.2/092$aB$221
=100  1\$aOsborn, Chase S.$q(Chase Salmon),$db. 1860.
=245  14$aThe Iron Hunter / $cChase S. Osborn ; with an introduction by Robert M. Warner.
=264  \1$aDetroit :$bWayne State University Press,$c2002.
=264  \3$aBaltimore, Md. :$bProject MUSE, $c2012
=264  \4$c&copy;2002.
=300  \\$a1 online resource (296 pages).
=336  \\$atext$btxt$2rdacontent
=337  \\$acomputer$bc$2rdamedia
=338  \\$aonline resource$bcr$2rdacarrier
=500  \\$aOriginally published: New York : Macmillan, 1919.
=506  0\$aOpen Access$fUnrestricted online access$2star
=588  \\$aDescription based on print version record.
=600  10$aOsborn, Chase S.$q(Chase Salmon),$db. 1860.
=650  \0$aPoliticians$zUnited States$vBiography.
=650  \0$aIron mines and mining$zMichigan$xHistory$y20th century.
=650  \0$aIron mines and mining$zMichigan$xHistory$y19th century.
=655  \7$aElectronic books. $2local
=710  2\$aProject Muse.$edistributor
=830  \0$aBook collections on Project MUSE.
=856  40$zFull text available: $uhttps://muse.jhu.edu/book/7920/
=945  \\$aProject MUSE - Archive Complete Foundation
=945  \\$aProject MUSE - Archive History Foundation

