=LDR  05461cam a22008414a 4500
=001  musev2_8241
=003  MdBmJHUP
=005  20241011044415.0
=006  m\\\\\o\\d\\\\\\\\
=007  cr||||||||nn|n
=008  080925s2007\\\\hiu\\\\\o\\\\\\00\0\eng\d
=020  \\$a9780824863906
=020  \\$z0824863909
=020  \\$z9780824830731
=035  \\$a(OCoLC)256658072
=040  \\$aMdBmJHUP$cMdBmJHUP
=100  1\$aBlackford, Mansel G.,$d1944-$1https://id.oclc.org/worldcat/entity/E39PCjwqBVPXjhMrrp6Tr3XHVK
=245  10$aPathways to the Present / $cMansel G. Blackford.
=264  \1$aHonolulu :$bUniversity of Hawai'i Press,$c2007.
=264  \3$aBaltimore, Md. :$bProject MUSE, $c2012
=264  \4$c©2007.
=300  \\$a1 online resource: $billustrations, map
=336  \\$atext$btxt$2rdacontent
=337  \\$acomputer$bc$2rdamedia
=338  \\$aonline resource$bcr$2rdacarrier
=505  0\$aPreface -- Introduction -- Pacific developments -- The Hawaiian Islands: the "healing" of Kahoʻolawe -- The Pacific coast: Seattle and Silicon Valley -- Alaska: the Aleutian islands -- Southern Japan during American occupation: Hiroshima and Okinawa -- Guam, the Philippines, and American Samoa -- Conclusions -- Notes -- Bibliographic essay -- Index.
=506  0\$aOpen Access$fUnrestricted online access$2star
=520  \\$aRanging from the Hawaiian Archipelago to the Aleutian Islands, from Silicon Valley to Guam, Pathways to the Present is a thoroughly researched and concisely argued account of economic and environmental change in the postwar "American" Pacific. Following a brief survey of the history of the Pacific, the author takes the Hawaiian Islands as the center of American activities in the region and looks at interactions among native Hawaiian, developmental, military, and environmental issues in the archipelago after World War II. He then turns to land- and water-use problems that have intersected with more nebulous quality-of-life concerns to generate policy controversies in the Seattle region and the San Francisco Bay area, especially Silicon Valley. Economic expansion and environmentalism in Alaska are examined through the lens of changes occurring along the Aleutians. From there the study considers Hiroshima after its destruction by the atomic bomb in 1945, looking at residents' desire to combine urban-planning concepts. The author investigates the effort to remake Hiroshima as a high-tech city in the 1990s, an attempt inspired by the perceived success of Silicon Valley, and postwar planning on Okinawa, where American influences were particularly strong. The final chapter takes into account issues raised on Guam regarding the growth of tourism and the use of the island for military purposes and links these to developments in the Philippines to the west and American Sâmoa to the south.
=588  \\$aDescription based on print version record.
=651  \7$aUSA$2gnd
=651  \7$aOzeanien$2gnd
=651  \7$aUnited States$zPacific States$2fast
=651  \7$aUnited States$2fast$1https://id.oclc.org/worldcat/entity/E39PBJtxgQXMWqmjMjjwXRHgrq
=651  \7$aPacific Ocean$zIslands of the Pacific$2fast
=651  \7$aAlaska$zAleutian Islands$2fast
=651  \6$aPacifique, Îles du$xRelations$zÉtats-Unis.
=651  \6$aÉtats-Unis$xPossessions insulaires$xHistoire.
=651  \6$aÉtats-Unis$xTerritoires et possessions$xHistoire.
=651  \6$aAleoutiennes (Alaska)$xHistoire.
=651  \6$aPacifique, Îles du$xHistoire.
=651  \6$aPacifique, Îles du$xConditions economiques.
=651  \6$aÉtats du Pacifique (États-Unis)$xHistoire.
=651  \6$aÉtats du Pacifique (États-Unis)$xConditions economiques.
=651  \0$aUnited States$xRelations$zIslands of the Pacific.
=651  \0$aIslands of the Pacific$xRelations$zUnited States.
=651  \0$aUnited States$xInsular possessions$xHistory.
=651  \0$aUnited States$xTerritories and possessions$xHistory.
=651  \0$aAleutian Islands (Alaska)$xHistory.
=651  \0$aIslands of the Pacific$xHistory.
=651  \0$aIslands of the Pacific$xEconomic conditions.
=651  \0$aPacific States$xHistory.
=651  \0$aPacific States$xEconomic conditions.
=650  \7$aWirtschaftsbeziehungen$2gnd
=650  \7$aGrundeigentum$2gnd
=650  \7$aInternationale Politik$2gnd
=650  \7$aUnited States territories and possessions$2fast
=650  \7$aInternational relations$2fast
=650  \7$aEconomic history$2fast
=650  \7$aHISTORY$zUnited States$xState & Local$xWest (AK, CA, CO, HI, ID, MT, NV, UT, WY)$2bisacsh
=650  \7$aBUSINESS & ECONOMICS$xDevelopment$xGeneral.$2bisacsh
=650  \7$aBUSINESS & ECONOMICS$xStructural Adjustment.$2bisacsh
=650  \7$aBUSINESS & ECONOMICS$xDevelopment$xBusiness Development.$2bisacsh
=650  \7$aBUSINESS & ECONOMICS$xDevelopment$xEconomic Development.$2bisacsh
=650  \7$aBUSINESS & ECONOMICS$xGovernment & Business.$2bisacsh
=650  \7$aPOLITICAL SCIENCE$xPublic Policy$xEconomic Policy.$2bisacsh
=655  \7$aHistory$2fast
=655  \7$aElectronic books. $2local
=710  2\$aProject Muse.$edistributor
=830  \0$aBook collections on Project MUSE.
=856  40$zFull text available: $uhttps://muse.jhu.edu/book/8241/
=945  \\$aProject MUSE - Archive Complete Foundation
=945  \\$aProject MUSE - Archive History Foundation
=945  \\$aProject MUSE - Archive Asian and Pacific Studies Foundation

