=LDR  02464cam a22005174a 4500
=001  musev2_8277
=003  MdBmJHUP
=005  20241011044438.0
=006  m\\\\\o\\d\\\\\\\\
=007  cr||||||||nn|n
=008  070215s2007\\\\hiu\\\\\o\\\\\\00\0\eng\d
=010  \\$z  2007006545
=020  \\$a9780824861926
=020  \\$z0824861922
=020  \\$z9780824831615
=035  \\$a(OCoLC)646067934
=040  \\$aMdBmJHUP$cMdBmJHUP
=043  \\$aas-----$aae-----
=050  04$aHC441$b.B64 2007
=082  0\$a330.95/041$222
=100  1\$aBooth, Anne,$d1946-
=245  10$aColonial Legacies : $bEconomic and Social Development in East and Southeast Asia / $cAnne E. Booth.
=264  \1$aHonolulu :$bUniversity of Hawaiʻi Press,$c2007.
=264  \3$aBaltimore, Md. :$bProject MUSE, $c2012
=264  \4$c©2007.
=300  \\$a1 online resource: $bill., map ;
=336  \\$atext$btxt$2rdacontent
=337  \\$acomputer$bc$2rdamedia
=338  \\$aonline resource$bcr$2rdacarrier
=504  \\$aIncludes bibliographical references (p. 205-231) and index.
=505  0\$aIntroduction -- Economic growth and structural change, 1900-1940 -- Agricultural expansion, population growth and access to land -- What were colonial governments doing? The myth of the night watchman -- State -- International trade, the balance of payments, and exchange rate policies: 1900-1940 -- Growth and diversification of the market economy -- Changing living standards and human development -- The greater Asian co-prosperity sphere: 1942-1945 -- The transition to independent states -- Conclusions -- Bibliography -- Index.
=506  0\$aOpen Access$fUnrestricted online access$2star
=588  \\$aDescription based on print version record.
=651  \0$aEast Asia$xColonial influence.
=651  \0$aEast Asia$xSocial conditions$y20th century.
=651  \0$aEast Asia$xEconomic conditions$y20th century.
=651  \0$aSoutheast Asia$xColonial influence.
=651  \0$aSoutheast Asia$xSocial conditions$y20th century.
=651  \0$aSoutheast Asia$xEconomic conditions$y20th century.
=655  \7$aElectronic books. $2local
=710  2\$aProject Muse.$edistributor
=830  \0$aBook collections on Project MUSE.
=856  40$zFull text available: $uhttps://muse.jhu.edu/book/8277/
=945  \\$aProject MUSE - Archive Complete Foundation
=945  \\$aProject MUSE - Archive History Foundation
=945  \\$aProject MUSE - Archive Asian and Pacific Studies Foundation

