=LDR  02319cam a22005294a 4500
=001  musev2_8297
=003  MdBmJHUP
=005  20241011044452.0
=006  m\\\\\o\\d\\\\\\\\
=007  cr||||||||nn|n
=008  070828s2008\\\\hiu\\\\\o\\\\\\00\0\eng\d
=010  \\$z  2007035581
=020  \\$a9780824862282
=020  \\$z9780824831950
=020  \\$z0824862287
=035  \\$a(OCoLC)257512638
=040  \\$aMdBmJHUP$cMdBmJHUP
=043  \\$an-us---$aa------
=050  04$aPS153.A84$bX8 2008
=082  0\$a810.9/3559$222
=100  1\$aXu, Wenying.
=245  10$aEating Identities : $bReading Food in Asian American Literature / $cWenying Xu.
=264  \1$aHonolulu :$bUniversity of Hawai'i Press,$c2008.
=264  \3$aBaltimore, Md. :$bProject MUSE, $c2012
=264  \4$c&copy;2008.
=300  \\$a1 online resource.
=336  \\$atext$btxt$2rdacontent
=337  \\$acomputer$bc$2rdamedia
=338  \\$aonline resource$bcr$2rdacarrier
=504  \\$aIncludes bibliographical references (p. 181-189) and index.
=505  0\$aEnjoyment and ethnic identity in No-no boy and Obasan -- Masculinity, food, and appetite in Frank Chin's Donald Duk and "The eat and run midnight people" -- Class and cuisine: David Wong Louie's The barbarians are coming -- Diaspora, transcendentalism, and ethnic gastronomy in the works of Li-Young Lee -- Sexuality, colonialism, and ethnicity in Monique Truong's The book of salt and Mei Ng's Eating Chinese food naked -- Epilogue: eating identities.
=506  0\$aOpen Access$fUnrestricted online access$2star
=588  \\$aDescription based on print version record.
=650  \0$aFood habits$xSocial aspects.
=650  \0$aAsian Americans in literature.
=650  \0$aAsian Americans$xIntellectual life.
=650  \0$aCooking in literature.
=650  \0$aDinners and dining in literature.
=650  \0$aFood habits in literature.
=650  \0$aGastronomy in literature.
=650  \0$aAmerican literature$xAsian American authors$xHistory and criticism.
=655  \7$aElectronic books. $2local
=710  2\$aProject Muse.$edistributor
=830  \0$aBook collections on Project MUSE.
=856  40$zFull text available: $uhttps://muse.jhu.edu/book/8297/
=945  \\$aProject MUSE - Archive Complete Foundation
=945  \\$aProject MUSE - Archive Literature Foundation

