=LDR  01870cam a22004694a 4500
=001  musev2_8844
=003  MdBmJHUP
=005  20241011045111.0
=006  m\\\\\o\\d\\\\\\\\
=007  cr||||||||nn|n
=008  021210s2003\\\\utu\\\\\o\\\\\\00\0\eng\d
=010  \\$z  2002155489
=020  \\$a9780874214857
=020  \\$z9780874215571
=035  \\$a(OCoLC)53924717
=040  \\$aMdBmJHUP$cMdBmJHUP
=050  04$aBX8695.W52$bA3 2003
=082  0\$a289.3/092$aB$221
=100  1\$aWhitney, Helen Mar,$d1828-1896.
=245  12$aWidow's Tale, A : $b1884-1896 Diary of Helen Mar Kimball Whitney / $ctranscribed and edited by Charles M. Hatch and Todd M. Compton ; introduction, notes, and register by Todd M. Compton.
=264  \1$aLogan, Utah :$bUtah State University Press,$c2003.
=264  \3$aBaltimore, Md. :$bProject MUSE, $c2012
=264  \4$c&copy;2003.
=300  \\$a1 online resource (902 pages): $bill. ;
=336  \\$atext$btxt$2rdacontent
=337  \\$acomputer$bc$2rdamedia
=338  \\$aonline resource$bcr$2rdacarrier
=504  \\$aIncludes bibliographical references (p. 811-830) and index.
=506  0\$aOpen Access$fUnrestricted online access$2star
=588  \\$aDescription based on print version record.
=600  10$aWhitney, Helen Mar,$d1828-1896$vDiaries.
=650  \0$aMormon Church$xHistory$y19th century.
=650  \0$aMormon women$vDiaries.
=610  20$aChurch of Jesus Christ of Latter-Day Saints$xHistory$y19th century.
=655  \7$aElectronic books. $2local
=700  1\$aCompton, Todd,$d1952-
=700  1\$aHatch, Charles M.,$d1945-
=710  2\$aProject Muse.$edistributor
=830  \0$aBook collections on Project MUSE.
=856  40$zFull text available: $uhttps://muse.jhu.edu/book/8844/
=945  \\$aProject MUSE - Archive Complete Foundation
=945  \\$aProject MUSE - Archive US Regional Studies, West Foundation

