=LDR  02861cam a22005654a 4500
=001  musev2_8950
=003  MdBmJHUP
=005  20241011045229.0
=006  m\\\\\o\\d\\\\\\\\
=007  cr||||||||nn|n
=008  061229s2007\\\\utu\\\\\o\\\\\\00\0\eng\d
=010  \\$z  2006103108
=020  \\$a9780874216653
=020  \\$z9780874216608
=035  \\$a(OCoLC)607884411
=040  \\$aMdBmJHUP$cMdBmJHUP
=043  \\$an-us-az$an-us-co$an-us---
=050  04$aF788$b.B69 2007
=082  0\$a917.91/320434$222
=100  1\$aBoyer, Diane E.
=245  10$aDamming Grand Canyon : $bThe 1923 USGS Colorado River Expedition / $cDiane E. Boyer and Robert H. Webb ; U.S. Geological Survey ; foreword by Michael Collier.
=264  \1$aLogan, Utah :$bUtah State University Press,$c2007.
=264  \3$aBaltimore, Md. :$bProject MUSE, $c2012
=264  \4$c&copy;2007.
=300  \\$a1 online resource (303 pages): $bill., maps ;
=336  \\$atext$btxt$2rdacontent
=337  \\$acomputer$bc$2rdamedia
=338  \\$aonline resource$bcr$2rdacarrier
=504  \\$aIncludes bibliographical references and index.
=505  0\$aWater and the Colorado desert -- Where should the dams be? politics, the Colorado River Compact, and the Geological Survey's role -- Prelude to an expedition : Washington and Flagstaff -- A cumbersome journey : Flagstaff to Lee's Ferry to the Little Colorado River -- Surveys and portages : Furnace Flats through the Inner Gorge -- Of flips and floods : Bass Canyon to Diamond Creek -- Feeling their oats : Diamond Creek to Needles -- Aftermath : politics and the strident hydraulic engineer.
=506  0\$aOpen Access$fUnrestricted online access$2star
=588  \\$aDescription based on print version record.
=651  \0$aColorado River (Colo.-Mexico)$xEnvironmental conditions.
=651  \0$aGrand Canyon (Ariz.)$xEnvironmental conditions.
=651  \0$aColorado River (Colo.-Mexico)$xDescription and travel.
=651  \0$aGrand Canyon (Ariz.)$xDescription and travel.
=610  20$aGeological Survey (U.S.)$vBiography.
=610  20$aGeological Survey (U.S.)$xHistory$y20th century.
=650  \0$aWater resources development$zArizona$zGrand Canyon$xHistory$y20th century.
=650  \0$aWater-supply$xPolitical aspects$zArizona$zGrand Canyon$xHistory$y20th century.
=650  \0$aDams$zColorado River (Colo.-Mexico)$xHistory$y20th century.
=650  \0$aRiver surveys$zColorado River (Colo.-Mexico)$xHistory$y20th century.
=655  \7$aElectronic books. $2local
=700  1\$aWebb, Robert H.
=710  2\$aGeological Survey (U.S.)
=710  2\$aProject Muse.$edistributor
=830  \0$aBook collections on Project MUSE.
=856  40$zFull text available: $uhttps://muse.jhu.edu/book/8950/
=945  \\$aProject MUSE - Archive Complete Foundation
=945  \\$aProject MUSE - Archive US Regional Studies, West Foundation

