=LDR  02055cam a22004454a 4500
=001  musev2_9238
=003  MdBmJHUP
=005  20241011045601.0
=006  m\\\\\o\\d\\\\\\\\
=007  cr||||||||nn|n
=008  040812s2004\\\\utu\\\\\o\\\\\\00\0\eng\d
=010  \\$z  2004019244
=020  \\$a9780874215069
=020  \\$z9780874215939
=035  \\$a(OCoLC)62266072
=040  \\$aMdBmJHUP$cMdBmJHUP
=043  \\$an-us-ut
=050  04$aBX5917.U8$bQ85 2004
=082  0\$a283/.792$222
=100  1\$aQuinn, Frederick.
=245  10$aBuilding The Goodly Fellowship Of Faith : $bA History of the Episcopal Church in Utah, 1867-1996 / $cFrederick Quinn.
=264  \1$aLogan, Utah :$bUtah State University Press,$c2004.
=264  \3$aBaltimore, Md. :$bProject MUSE, $c2012
=264  \4$c&copy;2004.
=300  \\$a1 online resource (348 pages): $bill. ;
=336  \\$atext$btxt$2rdacontent
=337  \\$acomputer$bc$2rdamedia
=338  \\$aonline resource$bcr$2rdacarrier
=504  \\$aIncludes bibliographical references (p. 312-318) and index.
=505  0\$aDaniel S. Tuttle, the pioneer bishop -- Abiel Leonard, the bishop as builder -- Franklin Spenser Spalding, the socialist bishop -- Paul Jones, the pacifist bishop -- Arthur W. Moulton, the lean years -- Stephen C. Clark, a promising episcopate cut down by death -- Richard S. Watson, the bishop as builder -- E. Otis Charles and the independent diocese -- George E. Bates, the bishop who sold the hospital -- Building the "goodly fellowship" : the summing up.
=506  0\$aOpen Access$fUnrestricted online access$2star
=588  \\$aDescription based on print version record.
=610  20$aEpiscopal Church$zUtah$xHistory.
=651  \0$aUtah$xChurch history.
=655  \7$aElectronic books. $2local
=710  2\$aProject Muse.$edistributor
=830  \0$aBook collections on Project MUSE.
=856  40$zFull text available: $uhttps://muse.jhu.edu/book/9238/
=945  \\$aProject MUSE - Archive Complete Foundation
=945  \\$aProject MUSE - Archive US Regional Studies, West Foundation

