=LDR  01813cam a22004934a 4500
=001  musev2_9239
=003  MdBmJHUP
=005  20241011045602.0
=006  m\\\\\o\\d\\\\\\\\
=007  cr||||||||nn|n
=008  040524s2004\\\\utu\\\\\o\\\\\\00\0\eng\d
=010  \\$z  2004011982
=020  \\$a9780874215304
=020  \\$z9780874215892
=020  \\$z9780874215908
=035  \\$a(OCoLC)71214635
=040  \\$aMdBmJHUP$cMdBmJHUP
=043  \\$an-us-ut
=050  04$aF832.C44$bT36 2004
=082  0\$a979.2/566$222
=100  1\$aTaniguchi, Nancy J.$q(Nancy Jacobus),$d1948-
=245  10$aCastle Valley America : $bHard Land, Hard-won Home / $cNancy J. Taniguchi.
=264  \1$aLogan, Utah :$bUtah State University Press,$c2004.
=264  \3$aBaltimore, Md. :$bProject MUSE, $c2012
=264  \4$c&copy;2004.
=300  \\$a1 online resource (380 pages): $bill., maps ;
=336  \\$atext$btxt$2rdacontent
=337  \\$acomputer$bc$2rdamedia
=338  \\$aonline resource$bcr$2rdacarrier
=504  \\$aIncludes bibliographical references and index.
=506  0\$aOpen Access$fUnrestricted online access$2star
=588  \\$aDescription based on print version record.
=651  \0$aEmery County (Utah)$vBiography.
=651  \0$aEmery County (Utah)$xHistory.
=651  \0$aCarbon County (Utah)$vBiography.
=651  \0$aCarbon County (Utah)$xHistory.
=651  \0$aCastle Valley (Emery County, Utah)$vBiography.
=651  \0$aCastle Valley (Emery County, Utah)$xHistory.
=655  \7$aElectronic books. $2local
=710  2\$aProject Muse.$edistributor
=830  \0$aBook collections on Project MUSE.
=856  40$zFull text available: $uhttps://muse.jhu.edu/book/9239/
=945  \\$aProject MUSE - Archive Complete Foundation
=945  \\$aProject MUSE - Archive US Regional Studies, West Foundation

