=LDR  01758cam a22004934a 4500
=001  musev2_9242
=003  MdBmJHUP
=005  20241011045604.0
=006  m\\\\\o\\d\\\\\\\\
=007  cr||||||||nn|n
=008  020312s2002\\\\utu\\\\\o\\\\\\00\0\eng\d
=010  \\$z  2002003862
=020  \\$a9780874214611
=020  \\$z9780874214383
=020  \\$z9780874214376
=035  \\$a(OCoLC)646825770
=040  \\$aMdBmJHUP$cMdBmJHUP
=043  \\$an-us-az$an-ust--
=050  04$aF786$b.B23 2002
=082  0\$a979.1/304$221
=100  1\$aBaley, Charles W.,$d1922-
=245  10$aDisaster At The Colorado / $cCharles W. Baley.
=264  \1$aLogan :$bUtah State University Press,$c2002.
=264  \3$aBaltimore, Md. :$bProject MUSE, $c2012
=264  \4$c&copy;2002.
=300  \\$a1 online resource (248 pages): $bill., maps ;
=336  \\$atext$btxt$2rdacontent
=337  \\$acomputer$bc$2rdamedia
=338  \\$aonline resource$bcr$2rdacarrier
=504  \\$aIncludes bibliographical references (p. 204-209) and index.
=506  0\$aOpen Access$fUnrestricted online access$2star
=588  \\$aDescription based on print version record.
=651  \0$aArizona$xHistory$yTo 1912.
=651  \0$aSouthwest, New$xDescription and travel.
=651  \0$aBeale Road$xHistory.
=650  \0$aMohave Indians$xWars.
=650  \0$aMohave Indians$zArizona$xHistory$y19th century.
=600  10$aBeale, Edward Fitzgerald,$d1822-1893.
=655  \7$aElectronic books. $2local
=710  2\$aProject Muse.$edistributor
=830  \0$aBook collections on Project MUSE.
=856  40$zFull text available: $uhttps://muse.jhu.edu/book/9242/
=945  \\$aProject MUSE - Archive Complete Foundation
=945  \\$aProject MUSE - Archive US Regional Studies, West Foundation

