=LDR  06012cam a22006734a 4500
=001  musev2_9243
=003  MdBmJHUP
=005  20241011045605.0
=006  m\\\\\o\\d\\\\\\\\
=007  cr||||||||nn|n
=008  040504s2004\\\\utu\\\\\o\\\\\\00\0\eng\d
=010  \\$z  2021758286
=020  \\$a9780874215076
=020  \\$z9780874215885
=035  \\$a(OCoLC)62266073
=040  \\$aMdBmJHUP$cMdBmJHUP
=245  00$aFolklore in Utah : $bA History and Guide to Resources / $cedited by David Stanley.
=264  \1$aLogan :$bUtah State University Press,$c[2004]
=264  \3$aBaltimore, Md. :$bProject MUSE, $c2012
=264  \4$c&copy;[2004]
=300  \\$a1 online resource (360 pages).
=336  \\$atext$btxt$2rdacontent
=337  \\$acomputer$bc$2rdamedia
=338  \\$aonline resource$bcr$2rdacarrier
=500  \\$aNumerous chapters are revisions of essays originally published in the Utah folklife newletter between 1985 and 1991.
=505  00$tPreface /$rDavid Stanley --$tFolklore work in Utah--a historical survey /$rDavid Stanley --$gPART I :$tThe first folklorists --$tFolklore and the literary generation of the 1930s /$rEdward A. Geary --$tHector Lee /$rDavid Stanley --$tFolklore and a Utah childhood /$rHector Lee --$tWayland Hand--Utah folklorist, international scholar /$rBarre Toelken --$tAustin and Alta Fife, pioneer folklorists /$rWilliam A. Wilson --$tLester Hubbard and the folksongs of Utah /$rHal Cannon --$tThomas Cheney and the dilemmas of Mormon folklore /$rGeorge H. Schoemaker --$tOlive Woolley Burt, collector of murder ballads /$rAnne Reichman --$tHelen Papanikolas, folklorist of ethnicity /$rYiorgos Anagnostou --$gPART II :$tThe second and third generations of folklorists --$t"On being human": the legacy of William A. Wilson /$rGeorge H. Schoemaker --$tBarre Toelken, folklorist of culture and performance /$rMatthew Irwin --$tJan Harold Brunvand and the urban legend /$rJacqueline S. Thursby --$tThe third generation of Utah folklorists /$rMichael Christensen --$gPART III :$tStudies in Utah folklore and folklife --$tNative American folklore studies /$rKathryn L. MacKay --$tMormon folklore studies /$rJull Terry Rudy --$tJ. Golden Kimball narratives /$rErica A. Eliason --$tLatino folklore studies /$rSarah M. Rudd --$tEthnic folklore studies /$rPhilip F. Notarianni --$tMaterial culture studies /$rCarol A. Edison --$tStudies in Utah vernacular architecture /$rThomas Carter --$gPART IV :$tPublic programs --$tPublic folklore in Utah /$rElaine Thatcher --$tUnder the big top : the Utah Humanities Council and folklore /$rAnne F. Hatch --$tEthnic organizations and the maintenance of tradition /$rCraig R. Miller --$tThe Folklore Society of Utah /$rDavid Stanley --$tLessons of summer : The Fife Folklore Conference /$rBarbara Lloyd --$tCultural tourism in Utah /$rJulie Hartley --$tFolklore in Utah's state and national parks /$rKaren Krieger.
=506  0\$aOpen Access$fUnrestricted online access$2star
=520  \\$aOver thirty scholars examine the development of folklore studies through the lens of over one hundred years of significant activity in a state that has provided grist for the mills of many prominent folklorists. In the past the Folklore Society of Utah has examined the work of such scholars in biographical and other essays published in its newsletters. This book incorporates those essays and goes well beyond them to include many other topices, offering a thorough history of folklore studies and a guide to resources for those pursuing research in Utah now and in the future. The essays survey the development and contributions of folklore studies in Utah from 1892 to 2004 but also represent developments in both academic and public-sector folklore throughout the United States. Following a thorough historical introduction, part I profiles the first folklorists working in the state, including Hector Lee, Thomas Cheney, Austin and Alta Fife, Wayland Hand, and Lester Hubbard. Part II looks at the careers of prominent Utah folklorists Jan Harold Brunvand, Barre Toelken, and William B. Wilson, as well as the works of the next, current generation of folklorists. Part III covers studies in major folklore genres, with essays on the study of material culture, vernacular architecture, and Mormon, ethnic, Native American, and Latino folklore. Part IV examines public folklore programs including organizations, conferences, and tourism. Back matter describes academic programs at Utah institutions of higher education, summarizes the holdings of the various folklore archives in the state, and provides a complete cross-indexed bibliography of articles, books, and recordings of Utah folklore.
=546  \\$aEnglish.
=588  \\$aDescription based on print version record.
=650  \7$aManners and customs$2fast
=650  \7$aFolklorists$2fast
=650  \7$aFolklore$xStudy and teaching (Higher)$2fast
=650  \7$aFolklore$2fast
=650  \7$aSOCIAL SCIENCE$xGeneral.$2bisacsh
=650  \6$aFolkloristes$zUtah$vBiographies.
=650  \6$aFolklore$zUtah$xHistoire.
=650  \0$aFolklorists$zUtah$vBiography.
=650  \0$aFolklore$zUtah$xHistory.
=650  \0$aFolklore$xStudy and teaching (Higher)$zUtah$xHistory.
=651  \7$aUtah$2fast
=651  \6$aUtah$xMoeurs et coutumes.
=651  \6$aUtah$vFolklore.
=651  \0$aUtah$xSocial life and customs.
=651  \0$aUtah$vFolklore.
=655  \7$aBiographies.$2rvmgf
=655  \7$aBiographies.$2lcgft
=655  \7$aHistory$2fast
=655  \7$aFolklore$2fast
=655  \7$aBiographies$2fast
=655  \7$aElectronic books. $2local
=700  1\$aStanley, David,$d1942-
=730  0\$aUtah folklife newsletter.
=773  0\$tBooks at JSTOR: Open Access$dJSTOR
=710  2\$aProject Muse.$edistributor
=830  \0$aBook collections on Project MUSE.
=856  40$zFull text available: $uhttps://muse.jhu.edu/book/9243/
=945  \\$aProject MUSE - Archive Complete Foundation
=945  \\$aProject MUSE - Archive US Regional Studies, West Foundation

