=LDR  02925cam a22005294a 4500
=001  musev2_9244
=003  MdBmJHUP
=005  20241011045605.0
=006  m\\\\\o\\d\\\\\\\\
=007  cr||||||||nn|n
=008  100422s2006\\\\utu\\\\\o\\\\\\00\0\eng\d
=010  \\$z  2006012212
=020  \\$a9780874215410
=020  \\$z9780874216479
=020  \\$z9780874216462
=035  \\$a(OCoLC)476039869
=040  \\$aMdBmJHUP$cMdBmJHUP
=100  1\$aBilgere, George,$d1951-$1https://id.oclc.org/worldcat/entity/E39PBJjHc934vGh6k4PPxXth73
=245  10$aHaywire : $bPoems / $cby George Bilgere.
=264  \1$aLogan, Utah :$bUtah State University Press,$c2006.
=264  \3$aBaltimore, Md. :$bProject MUSE, $c2012
=264  \4$c&copy;2006.
=300  \\$a1 online resource (75 pages).
=336  \\$atext$btxt$2rdacontent
=337  \\$acomputer$bc$2rdamedia
=338  \\$aonline resource$bcr$2rdacarrier
=490  0\$aMay Swenson Poetry Award series
=505  00$tAria --$tBirds --$tThis summer --$tThe beat --$tThe surgeon general --$tThat's a take --$tSimile practice --$tOnce again I fail to read an important novel --$tHappy hour --$tThe mastodon at the Carnegie Natural History Museum --$tJanitorial --$tSay my name --$tPetroglyphs --$tTosca --$tVikings --$tMiss December --$tBlood-soaked bear turd --$tRetards --$tGood humor --$tHaywire --$tCasablanca --$tNorelco --$tWhat would Jesus do? --$tUnwise purchases --$tView of the city of Delft --$tAnniversary --$tThe table --$tChinese --$tShe's good --$tWaiting --$tMuseum piece --$tOlympics --$tDark side of the moon --$tGoing to bed --$tCitizen Kane --$tGlobal warming.
=506  0\$aOpen Access$fUnrestricted online access$2star
=520  \\$aThis poet, you knew from his very first lines, didn't fall for anything phonyhis own language is irresistibly no-bullshit down to earth, even sassy ... Coming from one of the ethnic, industrial cities, his work has a gritty element. He recalls all the sorrows of a lifethe drunken father, the parents' divorce, his mother's death, his unremitting horniness, his own divorcenothing special, just what we all have to deal with one way or another.
=546  \\$aEnglish.
=586  \\$aMay Swenson Poetry Award winner, 2006
=588  \\$aDescription based on print version record.
=650  \7$aAmerican poetry$2fast
=650  \7$aPOETRY$xAmerican$xGeneral.$2bisacsh
=650  \6$aPoesie americaine$y20e siecle.
=650  \0$aAmerican poetry$y20th century.
=655  \7$aPoesie.$2rvmgf
=655  \7$aPoetry.$2lcgft
=655  \7$aPoetry$2fast
=655  \7$apoetry.$2aat
=655  \7$aElectronic books. $2local
=710  2\$aProject Muse.$edistributor
=830  \0$aBook collections on Project MUSE.
=856  40$zFull text available: $uhttps://muse.jhu.edu/book/9244/
=945  \\$aProject MUSE - Archive Complete Foundation
=945  \\$aProject MUSE - Archive Poetry, Fiction and Creative Non-Fiction Foundation

