=LDR  02319cam a22005774a 4500
=001  musev2_9245
=003  MdBmJHUP
=005  20241011045606.0
=006  m\\\\\o\\d\\\\\\\\
=007  cr||||||||nn|n
=008  041103s2005\\\\utu\\\\\o\\\\\\00\0\eng\d
=010  \\$z  2004026228
=020  \\$a9780874215243
=020  \\$z9780874216011
=020  \\$z9781646421558
=035  \\$a(OCoLC)62425169
=040  \\$aMdBmJHUP$cMdBmJHUP
=043  \\$an-usp--$an-us-ut$an-usc--
=050  04$aF593$b.C897 2005
=082  0\$a917.8/042$222
=100  1\$aCrosby, Caroline Barnes,$d1807-1884.
=245  10$aNo Place To Call Home : $bThe 1807-1857 Life Writings of Caroline Barnes Crosby, Chronicler of Outlying Mormon Communities / $cedited by Edward Leo Lyman, Susan Ward Payne, and S. George Ellsworth.
=264  \1$aLogan, Utah :$bUtah State University Press,$c2005.
=264  \3$aBaltimore, Md. :$bProject MUSE, $c2012
=264  \4$c&copy;2005.
=300  \\$a1 online resource (584 pages): $bill., maps ;
=336  \\$atext$btxt$2rdacontent
=337  \\$acomputer$bc$2rdamedia
=338  \\$aonline resource$bcr$2rdacarrier
=504  \\$aIncludes bibliographical references (p. 547-550) and index.
=506  0\$aOpen Access$fUnrestricted online access$2star
=588  \\$aDescription based on print version record.
=600  10$aCrosby, Caroline Barnes,$d1807-1884$vDiaries.
=600  10$aCrosby, Caroline Barnes,$d1807-1884.
=650  \0$aMormons$zWest (U.S.)$xHistory$y19th century.
=650  \0$aFrontier and pioneer life$zWest (U.S.)
=650  \0$aMormon women$zWest (U.S.)$vBiography.
=650  \0$aMormon pioneers$zWest (U.S.)$vBiography.
=651  \0$aSan Bernardino (Calif.)$vBiography.
=651  \0$aSan Francisco (Calif.)$vBiography.
=651  \0$aMiddle West$vBiography.
=651  \0$aSalt Lake Valley (Utah)$vBiography.
=655  \7$aElectronic books. $2local
=700  1\$aEllsworth, S. George$q(Samuel George),$d1916-
=700  1\$aPayne, Sue,$d1942-
=700  1\$aLyman, Edward Leo,$d1942-
=710  2\$aProject Muse.$edistributor
=830  \0$aBook collections on Project MUSE.
=856  40$zFull text available: $uhttps://muse.jhu.edu/book/9245/
=945  \\$aProject MUSE - Archive Complete Foundation
=945  \\$aProject MUSE - Archive US Regional Studies, West Foundation

