=LDR  03717cam a22006014a 4500
=001  musev2_9246
=003  MdBmJHUP
=005  20241011045606.0
=006  m\\\\\o\\d\\\\\\\\
=007  cr||||||||nn|n
=008  030226s2003\\\\utu\\\\\o\\\\\\00\0\eng\d
=010  \\$z  2020719614
=020  \\$a9780874214819
=020  \\$z9780874215595
=035  \\$a(OCoLC)53924680
=040  \\$aMdBmJHUP$cMdBmJHUP
=245  00$aOf Corpse : $bDeath and Humor in Folkore and Popular Culture / $cedited by Peter Narváez.
=264  \1$aLogan, Utah :$bUtah State University Press,$c2003.
=264  \3$aBaltimore, Md. :$bProject MUSE, $c2012
=264  \4$c©2003.
=300  \\$a1 online resource (366 pages).
=336  \\$atext$btxt$2rdacontent
=337  \\$acomputer$bc$2rdamedia
=338  \\$aonline resource$bcr$2rdacarrier
=500  \\$a"An earlier version of Ellis's essay 'Making a Big Apple crumble' was published in the online Journal new directions in folklore, 6 June 2002."
=505  00$tJokes that follow mass-mediated disasters in a global electronic age /$rChristie Davies --$tMaking a big apple crumble: the role of humor in constructing a global response to disaster /$rBill Ellis --$tCreating situations: practical jokes and the revival of the dead in Irish tradition /$rIlana Harlow --$tTricks and fun: subversive pleasures at Newfoundland wakes /$rPeter Narváez --$t"Pardon me for not standing": modern America graveyard humor /$rRichard E. Meyer --$tWishes come true: designing the Greenwich Village Halloween parade /$rJack Kugelmass --$tMaking merry with death: iconic humor in Mexico's Day of the Dead /$rKristin Congdon --$tCalaveras: literary humor in Mexico's Day of the Dead /$rStanley Brandes --$tExit laughing: death and laughter in Los Angeles and Port-au-Prince /$rDonald J. Cosentino --$tDancing skeletons: the subversion of death among deadheads /$rLuAnne K. Roth --$tTraditional narrative, popular aesthetics, Weekend at Bernie's, and vernacular cinema /$rMikel Koven.
=506  0\$aOpen Access$fUnrestricted online access$2star
=520  \\$a"Laughter, contemporary theory suggests, is often aggressive in some manner and may be prompted by a sudden perception of incongruity combined with memories of past emotional experience. Given this importance of the past to our recognition of the comic, it follows that some "traditions" dispose us to ludic responses. The studies in this collection examine specific interactions of text (jokes, poetry, epitaphs, iconography, film drama) and social context (wakes, festivals, disasters) that shape and generate laughter. Uniquely, however, the essays here peruse a remarkable paradox--the convergence of death and humor"--Publisher's description
=546  \\$aEnglish.
=588  \\$aDescription based on print version record.
=650  \7$aDeath$2fast
=650  \7$aSOCIAL SCIENCE$xGeneral.$2bisacsh
=650  \7$aSOCIAL SCIENCE$xFolklore & Mythology.$2bisacsh
=650  \6$aMort$vHumour.
=650  \6$aMort$vFolklore.
=650  \6$aMort$xHumour.
=650  \6$aMort$xFolklore.
=650  \0$aDeath$xHumor.
=650  \0$aDeath$vHumor.
=650  \0$aDeath$vFolklore.
=655  \7$aHumour.$2rvmgf
=655  \7$aHumor.$2lcgft
=655  \7$aHumor$2fast
=655  \7$aFolklore$2fast
=655  \7$ahumor.$2aat
=655  \7$aElectronic books. $2local
=700  1\$aNarváez, Peter.
=773  0\$tBooks at JSTOR: Open Access$dJSTOR
=710  2\$aProject Muse.$edistributor
=830  \0$aBook collections on Project MUSE.
=856  40$zFull text available: $uhttps://muse.jhu.edu/book/9246/
=945  \\$aProject MUSE - Archive Complete Foundation
=945  \\$aProject MUSE - Archive Global Cultural Studies Foundation

