=LDR  01948cam a22005174a 4500
=001  musev2_9247
=003  MdBmJHUP
=005  20241011045607.0
=006  m\\\\\o\\d\\\\\\\\
=007  cr||||||||nn|n
=008  021227s2003\\\\utu\\\\\o\\\\\\00\0\eng\d
=010  \\$z  2002156452
=020  \\$a9780874214789
=020  \\$z9780874215625
=020  \\$z9780874215632
=035  \\$a(OCoLC)53924643
=040  \\$aMdBmJHUP$cMdBmJHUP
=043  \\$an-us-nm
=050  04$aE99.Z9$bP554 2003
=082  0\$a978.9/83$aB$221
=100  1\$aHart, E. Richard.
=245  10$aPedro Pino : $bGovernor of Zuni Pueblo, 1830-1878 / $cE. Richard Hart ; foreword by T.J. Ferguson.
=264  \1$aLogan, Utah :$bUtah State University Press,$c2003.
=264  \3$aBaltimore, Md. :$bProject MUSE, $c2012
=264  \4$c&copy;2003.
=300  \\$a1 online resource (200 pages): $bill. ;
=336  \\$atext$btxt$2rdacontent
=337  \\$acomputer$bc$2rdamedia
=338  \\$aonline resource$bcr$2rdacarrier
=504  \\$aIncludes bibliographical references (p. 143-181) and index.
=506  0\$aOpen Access$fUnrestricted online access$2star
=588  \\$aDescription based on print version record.
=600  10$aPino, Pedro.
=650  \0$aZuni Indians$xGovernment relations.
=650  \0$aZuni Indians$xHistory$y19th century.
=650  \0$aGovernors$zNew Mexico$zZuni$vBiography.
=650  \0$aZuni Indians$xKings and rulers$vBiography.
=651  \0$aZuni (N.M.)$xPolitics and government.
=651  \0$aZuni (N.M.)$xHistory$y19th century.
=655  \7$aElectronic books. $2local
=710  2\$aProject Muse.$edistributor
=830  \0$aBook collections on Project MUSE.
=856  40$zFull text available: $uhttps://muse.jhu.edu/book/9247/
=945  \\$aProject MUSE - Archive Complete Foundation
=945  \\$aProject MUSE - Archive US Regional Studies, West Foundation
=945  \\$aProject MUSE - Archive Native American and Indigenous Studies Foundation

