=LDR  01630cam a22004334a 4500
=001  musev2_9249
=003  MdBmJHUP
=005  20241011045609.0
=006  m\\\\\o\\d\\\\\\\\
=007  cr||||||||nn|n
=008  030825s2003\\\\utu\\\\\o\\\\\\00\0\eng\d
=010  \\$z  2003018611
=020  \\$a9780874214918
=020  \\$z9780874215687
=035  \\$a(OCoLC)779852234
=040  \\$aMdBmJHUP$cMdBmJHUP
=050  04$aML3545$b.F596 2003
=082  0\$a782.4/3$222
=245  04$aThe Flowering Thorn : $bInternational Ballad Studies / $cedited by Thomas A. McKean.
=264  \1$aLogan, Utah :$bUtah State University Press,$c2003.
=264  \3$aBaltimore, Md. :$bProject MUSE, $c2012
=264  \4$c©2003.
=300  \\$a1 online resource (394 pages): $bill. ;
=336  \\$atext$btxt$2rdacontent
=337  \\$acomputer$bc$2rdamedia
=338  \\$aonline resource$bcr$2rdacarrier
=500  \\$a"A project of the Kommission für Volksdichtung and the Elphinstone Institute."
=504  \\$aIncludes bibliographical references and indexes.
=506  0\$aOpen Access$fUnrestricted online access$2star
=588  \\$aDescription based on print version record.
=650  \0$aFolk literature$xHistory and criticism.
=650  \0$aBallads$xHistory and criticism.
=655  \7$aElectronic books. $2local
=700  1\$aMcKean, Thomas A.,$d1961-
=710  2\$aProject Muse.$edistributor
=830  \0$aBook collections on Project MUSE.
=856  40$zFull text available: $uhttps://muse.jhu.edu/book/9249/
=945  \\$aProject MUSE - Archive Complete Foundation
=945  \\$aProject MUSE - Archive Global Cultural Studies Foundation

