=LDR  01514cam a22004214a 4500
=001  musev2_9251
=003  MdBmJHUP
=005  20241011045610.0
=006  m\\\\\o\\d\\\\\\\\
=007  cr||||||||nn|n
=008  030414s2003\\\\utu\\\\\o\\\\\\00\0\eng\d
=010  \\$z  2003008666
=020  \\$a9780874214796
=020  \\$z9780874215618
=035  \\$a(OCoLC)53924662
=040  \\$aMdBmJHUP$cMdBmJHUP
=043  \\$an-usp--
=050  04$aSB439.24.G74$bW38 2003
=082  0\$a635.9/5179$221
=245  00$aWater Wise : $bNative Plants for Intermountain Landscapes / $cWendy Mee ... [et al.].
=264  \1$aLogan, Utah :$bUtah State University Press,$c2003.
=264  \3$aBaltimore, Md. :$bProject MUSE, $c2012
=264  \4$c&copy;2003.
=300  \\$a1 online resource (256 pages): $bill. (some col.) ;
=336  \\$atext$btxt$2rdacontent
=337  \\$acomputer$bc$2rdamedia
=338  \\$aonline resource$bcr$2rdacarrier
=504  \\$aIncludes bibliographical references (p. xxxi).
=506  0\$aOpen Access$fUnrestricted online access$2star
=588  \\$aDescription based on print version record.
=650  \0$aNative plants for cultivation$zGreat Basin.
=655  \7$aElectronic books. $2local
=700  1\$aMee, Wendy.
=710  2\$aProject Muse.$edistributor
=830  \0$aBook collections on Project MUSE.
=856  40$zFull text available: $uhttps://muse.jhu.edu/book/9251/
=945  \\$aProject MUSE - Archive Complete Foundation
=945  \\$aProject MUSE - Archive Ecology and Evolution Foundation

