=LDR  02047cam a22005174a 4500
=001  musev2_9252
=003  MdBmJHUP
=005  20241011045613.0
=006  m\\\\\o\\d\\\\\\\\
=007  cr||||||||nn|n
=008  020514s2002\\\\utu\\\\\o\\\\\\00\0\eng\d
=010  \\$z  2002007110
=020  \\$a9780874214741
=020  \\$z9780874214475
=035  \\$a(OCoLC)51978612
=040  \\$aMdBmJHUP$cMdBmJHUP
=043  \\$an-us---
=050  04$aPE1405.U6$bF57 2002
=082  0\$a808/.0071/1073$221
=100  1\$aFishman, Stephen M.
=245  10$aWhose Goals Whose Aspirations : $bLearning to Teach Underprepared Writers across the Curriculum / $cStephen M. Fishman, Lucille McCarthy.
=264  \1$aLogan :$bUtah State University Press,$c2002.
=264  \3$aBaltimore, Md. :$bProject MUSE, $c2012
=264  \4$c&copy;2002.
=300  \\$a1 online resource (238 pages).
=336  \\$atext$btxt$2rdacontent
=337  \\$acomputer$bc$2rdamedia
=338  \\$aonline resource$bcr$2rdacarrier
=504  \\$aIncludes bibliographical references (p. [206]-220) and index.
=506  0\$aOpen Access$fUnrestricted online access$2star
=588  \\$aDescription based on print version record.
=650  \0$aEducation$xAims and objectives.
=650  \0$aRemedial teaching$zUnited States.
=650  \0$aLanguage and culture$zUnited States.
=650  \0$aMulticultural education$zUnited States.
=650  \0$aMinorities$xEducation (Higher)$zUnited States.
=650  \0$aInterdisciplinary approach in education$zUnited States.
=650  \0$aReport writing$xStudy and teaching (Higher)$zUnited States.
=650  \0$aEnglish language$xRhetoric$xStudy and teaching$zUnited States.
=655  \7$aElectronic books. $2local
=700  1\$aMcCarthy, Lucille Parkinson,$d1944-
=710  2\$aProject Muse.$edistributor
=830  \0$aBook collections on Project MUSE.
=856  40$zFull text available: $uhttps://muse.jhu.edu/book/9252/
=945  \\$aProject MUSE - Archive Complete Foundation
=945  \\$aProject MUSE - Archive Higher Education Foundation

