=LDR  01336cam a22003854a 4500
=001  musev2_9253
=003  MdBmJHUP
=005  20241011045614.0
=006  m\\\\\o\\d\\\\\\\\
=007  cr||||||||nn|n
=008  060321s2006\\\\utu\\\\\o\\\\\\00\0\eng\d
=010  \\$z  2006009803
=020  \\$a9780874215403
=020  \\$z9780874216455
=035  \\$a(OCoLC)71214687
=040  \\$aMdBmJHUP$cMdBmJHUP
=050  04$aPS3552.R419$bW59 2006
=082  0\$a811/.54$222
=100  1\$aBrewer, Kenneth,$d1941-
=245  10$aWhy Dogs Stopped Flying / $cby Kenneth W. Brewer.
=264  \1$aLogan, Utah :$bUtah State University Press,$c2006.
=264  \3$aBaltimore, Md. :$bProject MUSE, $c2012
=264  \4$c&copy;2006.
=300  \\$a1 online resource (56 pages).
=336  \\$atext$btxt$2rdacontent
=337  \\$acomputer$bc$2rdamedia
=338  \\$aonline resource$bcr$2rdacarrier
=506  0\$aOpen Access$fUnrestricted online access$2star
=588  \\$aDescription based on print version record.
=655  \7$aElectronic books. $2local
=710  2\$aProject Muse.$edistributor
=830  \0$aBook collections on Project MUSE.
=856  40$zFull text available: $uhttps://muse.jhu.edu/book/9253/
=945  \\$aProject MUSE - Archive Complete Foundation
=945  \\$aProject MUSE - Archive Poetry, Fiction and Creative Non-Fiction Foundation

