=LDR  01894cam a22005174a 4500
=001  musev2_9254
=003  MdBmJHUP
=005  20241011045615.0
=006  m\\\\\o\\d\\\\\\\\
=007  cr||||||||nn|n
=008  000630s2000\\\\utu\\\\\o\\\\\\00\0\eng\d
=010  \\$z   00010268 
=020  \\$a9780874214567
=020  \\$z9780874214079
=020  \\$z9780874214086
=035  \\$a(OCoLC)51978167
=040  \\$aMdBmJHUP$cMdBmJHUP
=043  \\$an-usp--
=050  04$aF596.2$b.W67 2000
=082  0\$a306/.0978$221
=245  00$aWorldviews And The American West : $bThe Life of the Place Itself / $cedited by Polly Stewart ... [et al.].
=264  \1$aLogan :$bUtah State University Press,$c2000.
=264  \3$aBaltimore, Md. :$bProject MUSE, $c2012
=264  \4$c&copy;2000.
=300  \\$a1 online resource (265 pages): $bill. ;
=336  \\$atext$btxt$2rdacontent
=337  \\$acomputer$bc$2rdamedia
=338  \\$aonline resource$bcr$2rdacarrier
=504  \\$aIncludes bibliographical references (p. 237-252).
=506  0\$aOpen Access$fUnrestricted online access$2star
=588  \\$aDescription based on print version record.
=651  \0$aWest (U.S.)$xIn literature.
=651  \0$aWest (U.S.)$xCivilization.
=651  \0$aWest (U.S.)$xEthnic relations.
=650  \0$aGroup identity$zWest (U.S.)
=650  \0$aFolklore$zWest (U.S.)
=650  \0$aEthnophilosophy$zWest (U.S.)
=650  \0$aMinorities$zWest (U.S.)$xSocial life and customs.
=655  \7$aElectronic books. $2local
=700  1\$aStewart, Polly,$d1943-
=710  2\$aProject Muse.$edistributor
=830  \0$aBook collections on Project MUSE.
=856  40$zFull text available: $uhttps://muse.jhu.edu/book/9254/
=945  \\$aProject MUSE - Archive Complete Foundation
=945  \\$aProject MUSE - Archive US Regional Studies, West Foundation
=945  \\$aProject MUSE - Archive American Studies Foundation

