=LDR  03223cam a22005294a 4500
=001  musev2_9255
=003  MdBmJHUP
=005  20241011045615.0
=006  m\\\\\o\\d\\\\\\\\
=007  cr||||||||nn|n
=008  030404s2000\\\\utu\\\\\o\\\\\\00\0\eng\d
=020  \\$a9780874213331
=020  \\$z9780874214062
=035  \\$a(OCoLC)51978103
=040  \\$aMdBmJHUP$cMdBmJHUP
=100  1\$aBenedict, Elinor,$d1931-$1https://id.oclc.org/worldcat/entity/E39PCjqr469dWVxp7gT8PG3Vcq
=245  10$aAll That Divides Us : $bPoems / $cby Elinor Benedict.
=264  \1$aLogan :$bUtah State University Press,$c2000.
=264  \3$aBaltimore, Md. :$bProject MUSE, $c2012
=264  \4$c&copy;2000.
=300  \\$a1 online resource (79 pages).
=336  \\$atext$btxt$2rdacontent
=337  \\$acomputer$bc$2rdamedia
=338  \\$aonline resource$bcr$2rdacarrier
=490  0\$aMay Swenson Poetry Award series
=505  00$tForeword /$rMaxine Kumin --$tBegin the Ceremony : Letter to Myself on My Birthday --$tA Bridge to China --$tTo the Chinese People, Who See the Same Stars --$tStrangers and Kin : Paper Flowers --$tNearly --$tMeeting Our Chinese Cousins --$tTwo Women Leaving Beijing --$tImmolation of a Stranger --$tHawthorns --$tCity of Dust and Water --$tThe Guest Chair at Nankai University --$tChinavision --$tStoryteller --$tIn the Company of Magpies : Chinese Art & Culture Tour --$tSylvia Plath in China --$tGhost City --$tThe Truth About History --$tHow to Change a Country --$tYin and Yang --$tMr. Yuan's Two Joys --$tChinese Puzzle --$tFull Moon Harvest Festival at the Spa City --$tPeace Road Kindergarten --$tTiger Hill --$tVision at Tai-Shan Mountain --$tSearching for Grace : Where It Hurts --$tDeep Enough to Go Home --$tScarred Baggage --$tFound Snapshot: The Year His Sister Left --$tRemembering the Three Gorges --$tThe Rope --$tMissing in China --$tFor Those Who Dream of Cranes.
=506  0\$aOpen Access$fUnrestricted online access$2star
=520  \\$aThe poet's voice is clear, direct, yet artful. The sensibility that prevades these poems is that of a mature woman with an inquiring mind and a strong sense of family attachments. Almost every poem delivers a sidelong irony, a study in contrasts that is always overridden by the sense of common humanity shared by two disparate cultures.
=546  \\$aEnglish.
=586  \\$aMay Swenson Poetry Award winner, 2000
=588  \\$aDescription based on print version record.
=650  \7$aAmerican poetry$2fast
=650  \7$aPOETRY$xAmerican$xGeneral.$2bisacsh
=650  \6$aPoesie americaine$zChine$y20e siecle.
=650  \0$aAmerican poetry$zChina$y20th century.
=651  \7$aChina$2fast$1https://id.oclc.org/worldcat/entity/E39PBJcrd4RjtCBk4wfMhTwwG3
=651  \0$aChina$vPoetry.
=655  \7$aPoesie.$2rvmgf
=655  \7$aPoetry.$2lcgft
=655  \7$aPoetry$2fast
=655  \7$apoetry.$2aat
=655  \7$aElectronic books. $2local
=710  2\$aProject Muse.$edistributor
=830  \0$aBook collections on Project MUSE.
=856  40$zFull text available: $uhttps://muse.jhu.edu/book/9255/
=945  \\$aProject MUSE - Archive Complete Foundation
=945  \\$aProject MUSE - Archive Poetry, Fiction and Creative Non-Fiction Foundation

