=LDR  01324cam a22003854a 4500
=001  musev2_9256
=003  MdBmJHUP
=005  20241011045616.0
=006  m\\\\\o\\d\\\\\\\\
=007  cr||||||||nn|n
=008  010306s2001\\\\utu\\\\\o\\\\\\00\0\eng\d
=010  \\$z  2001001474
=020  \\$a9780874214222
=020  \\$z9780874214208
=035  \\$a(OCoLC)51952714
=040  \\$aMdBmJHUP$cMdBmJHUP
=050  04$aPS3613.C58$bB6 2001
=082  0\$a811/.6$221
=100  1\$aMcLeod, Stephen,$d1957-
=245  14$aBorgo Of The Holy Ghost / $cby Stephen McLeod.
=264  \1$aLogan :$bUtah State University Press,$c2001.
=264  \3$aBaltimore, Md. :$bProject MUSE, $c2012
=264  \4$c&copy;2001.
=300  \\$a1 online resource (84 pages).
=336  \\$atext$btxt$2rdacontent
=337  \\$acomputer$bc$2rdamedia
=338  \\$aonline resource$bcr$2rdacarrier
=506  0\$aOpen Access$fUnrestricted online access$2star
=588  \\$aDescription based on print version record.
=655  \7$aElectronic books. $2local
=710  2\$aProject Muse.$edistributor
=830  \0$aBook collections on Project MUSE.
=856  40$zFull text available: $uhttps://muse.jhu.edu/book/9256/
=945  \\$aProject MUSE - Archive Complete Foundation
=945  \\$aProject MUSE - Archive Poetry, Fiction and Creative Non-Fiction Foundation

