=LDR  01583cam a22004214a 4500
=001  musev2_9257
=003  MdBmJHUP
=005  20241011045617.0
=006  m\\\\\o\\d\\\\\\\\
=007  cr||||||||nn|n
=008  000127s2000\\\\utu\\\\\o\\\\\\00\0\eng\d
=010  \\$z   00008142 
=020  \\$a9780874213225
=020  \\$z9780874212921
=035  \\$a(OCoLC)51977925
=040  \\$aMdBmJHUP$cMdBmJHUP
=050  04$aPE1404$b.J58 2000
=082  0\$a808/.042/071$221
=100  1\$aJohanek, Cindy,$d1964-
=245  10$aComposing Research : $bA Contextualist  Paradigm for Rhetoric and Composition / $cCindy Johanek.
=264  \1$aLogan, Utah :$bUtah State University Press,$c2000.
=264  \3$aBaltimore, Md. :$bProject MUSE, $c2012
=264  \4$c&copy;2000.
=300  \\$a1 online resource (240 pages).
=336  \\$atext$btxt$2rdacontent
=337  \\$acomputer$bc$2rdamedia
=338  \\$aonline resource$bcr$2rdacarrier
=504  \\$aIncludes bibliographical references (p. [215]-225) and index.
=506  0\$aOpen Access$fUnrestricted online access$2star
=588  \\$aDescription based on print version record.
=650  \0$aEnglish language$xComposition and exercises$xResearch.
=650  \0$aEnglish language$xRhetoric$xStudy and teaching$xResearch.
=655  \7$aElectronic books. $2local
=710  2\$aProject Muse.$edistributor
=830  \0$aBook collections on Project MUSE.
=856  40$zFull text available: $uhttps://muse.jhu.edu/book/9257/
=945  \\$aProject MUSE - Archive Complete Foundation
=945  \\$aProject MUSE - Archive Higher Education Foundation

