=LDR  02612cam a22004454a 4500
=001  musev2_9258
=003  MdBmJHUP
=005  20241011045617.0
=006  m\\\\\o\\d\\\\\\\\
=007  cr||||||||nn|n
=008  980220s1998\\\\utu\\\\\o\\\\\\00\0\eng\d
=010  \\$z   98008968 
=020  \\$a9780874213638
=020  \\$z9780874212464
=035  \\$a(OCoLC)42329372
=040  \\$aMdBmJHUP$cMdBmJHUP
=050  04$aPE1404$b.B589 1998
=082  0\$a808/.042/07$221
=100  1\$aBloom, Lynn Z.,$d1934-
=245  10$aComposition Studies As A Creative Art / $cLynn Z. Bloom.
=264  \1$aLogan, Utah :$bUtah State University Press,$c1998.
=264  \3$aBaltimore, Md. :$bProject MUSE, $c2012
=264  \4$c&copy;1998.
=300  \\$a1 online resource (282 pages): $bill. ;
=336  \\$atext$btxt$2rdacontent
=337  \\$acomputer$bc$2rdamedia
=338  \\$aonline resource$bcr$2rdacarrier
=504  \\$aIncludes bibliographical references (p. [248]-259) and index.
=505  0\$aFinding family, finding a voice : a writing teacher teaches writing teachers -- Teaching my class -- Freshman composition as a middle class enterprise -- Textual terror, textual power : teaching literature through writing literature -- American autobiography and the politics of genre -- Teaching college English as a woman -- Creative nonfiction, is there any other kind? -- Reading, writing, teaching essays as jazz -- Why don't we write what we teach? and publish it? -- Subverting the academic masterplot -- Coming of age in the field that had no name -- Anxious writers in context -- I write for myself and strangers : private diaries as public documents -- Making essay connections : editing readers for first-year writers -- The importance of external reviews in composition studies -- Want a writing director -- Why I (used to) hate to give grades -- Initiation rites, initiation rights / with Thomas Recchio -- Making difference : writing program administration as a creative process -- Bloom's laws.
=506  0\$aOpen Access$fUnrestricted online access$2star
=588  \\$aDescription based on print version record.
=650  \0$aCreative writing$xStudy and teaching.
=650  \0$aEnglish language$xComposition and exercises.
=650  \0$aEnglish language$xRhetoric$xStudy and teaching.
=655  \7$aElectronic books. $2local
=710  2\$aProject Muse.$edistributor
=830  \0$aBook collections on Project MUSE.
=856  40$zFull text available: $uhttps://muse.jhu.edu/book/9258/
=945  \\$aProject MUSE - Archive Complete Foundation
=945  \\$aProject MUSE - Archive Higher Education Foundation

