=LDR  01635cam a22004454a 4500
=001  musev2_9260
=003  MdBmJHUP
=005  20241011045618.0
=006  m\\\\\o\\d\\\\\\\\
=007  cr||||||||nn|n
=008  940711s1995\\\\utu\\\\\o\\\\\\00\0\eng\d
=010  \\$z   94028073 
=020  \\$a9780874213379
=020  \\$z9780874211849
=035  \\$a(OCoLC)42329063
=040  \\$aMdBmJHUP$cMdBmJHUP
=043  \\$an-us-id
=050  04$aF755.M5$bB34 1995
=082  0\$a305.868720796$220
=100  1\$aBaker, Richard,$d1941 Nov. 27-
=245  14$aDos Mundos : $bRural Mexican Americans, Another America / $cRichard Baker.
=264  \1$aLogan, Utah :$bUtah State University Press,$c1995.
=264  \3$aBaltimore, Md. :$bProject MUSE, $c2012
=264  \4$c&copy;1995.
=300  \\$a1 online resource (304 pages): $bill. ;
=336  \\$atext$btxt$2rdacontent
=337  \\$acomputer$bc$2rdamedia
=338  \\$aonline resource$bcr$2rdacarrier
=504  \\$aIncludes bibliographical references (p. 273-281) and index.
=506  0\$aOpen Access$fUnrestricted online access$2star
=588  \\$aDescription based on print version record.
=650  \0$aMexican Americans$zIdaho$xSocial conditions.
=651  \0$aIdaho$xSocial conditions.
=655  \7$aElectronic books. $2local
=710  2\$aProject Muse.$edistributor
=830  \0$aBook collections on Project MUSE.
=856  40$zFull text available: $uhttps://muse.jhu.edu/book/9260/
=945  \\$aProject MUSE - Archive Complete Foundation
=945  \\$aProject MUSE - Archive US Regional Studies, West Foundation
=945  \\$aProject MUSE - Archive American Studies Foundation

