=LDR  01790cam a22004694a 4500
=001  musev2_9262
=003  MdBmJHUP
=005  20241011045619.0
=006  m\\\\\o\\d\\\\\\\\
=007  cr||||||||nn|n
=008  020116s2002\\\\utu\\\\\o\\\\\\00\0\eng\d
=010  \\$z  2002000424
=020  \\$a9780874214635
=020  \\$z9780874214352
=035  \\$a(OCoLC)52212636
=040  \\$aMdBmJHUP$cMdBmJHUP
=050  04$aPE1404$b.S564 2002
=082  0\$a808/.042/071$221
=100  1\$aSirc, Geoffrey Michael.
=245  10$aEnglish Composition As A Happening / $cGeoffrey Sirc.
=264  \1$aLogan, Utah :$bUtah State University Press,$c2002.
=264  \3$aBaltimore, Md. :$bProject MUSE, $c2012
=264  \4$c&copy;2002.
=300  \\$a1 online resource (349 pages): $bill. ;
=336  \\$atext$btxt$2rdacontent
=337  \\$acomputer$bc$2rdamedia
=338  \\$aonline resource$bcr$2rdacarrier
=504  \\$aIncludes bibliographical references (p. [295]-309) and index.
=506  0\$aOpen Access$fUnrestricted online access$2star
=588  \\$aDescription based on print version record.
=650  \0$aHappening (Art)
=650  \0$aLanguage and culture.
=650  \0$aAcademic writing$xStudy and teaching$xSocial aspects.
=650  \0$aAcademic writing$xStudy and teaching$xPsychological aspects.
=650  \0$aEnglish language$xRhetoric$xStudy and teaching$xSocial aspects.
=650  \0$aEnglish language$xRhetoric$xStudy and teaching$xPsychological aspects.
=655  \7$aElectronic books. $2local
=710  2\$aProject Muse.$edistributor
=830  \0$aBook collections on Project MUSE.
=856  40$zFull text available: $uhttps://muse.jhu.edu/book/9262/
=945  \\$aProject MUSE - Archive Complete Foundation
=945  \\$aProject MUSE - Archive Higher Education Foundation

