=LDR  03223cam a22005654a 4500
=001  musev2_9263
=003  MdBmJHUP
=005  20241011045620.0
=006  m\\\\\o\\d\\\\\\\\
=007  cr||||||||nn|n
=008  110908s1993\\\\utu\\\\\o\\\\\\00\0\eng\d
=010  \\$z   93009969 
=020  \\$a9780874213805
=020  \\$z9780874211658
=035  \\$a(OCoLC)751695341
=040  \\$aMdBmJHUP$cMdBmJHUP
=100  1\$aJones, Michael Owen.
=245  10$aExploring Folk Art / $cby Michael Owen Jones.
=264  \1$aLogan :$bUtah State University Press,$c1993.
=264  \3$aBaltimore, Md. :$bProject MUSE, $c2012
=264  \4$c©1993.
=300  \\$a1 online resource (227 pages).
=336  \\$atext$btxt$2rdacontent
=337  \\$acomputer$bc$2rdamedia
=338  \\$aonline resource$bcr$2rdacarrier
=505  00$gPart 1:$tMaking Things.$tViolations of Standards of Excellence and Preference in Utilitarian Art --$tA Strange Rocking Chair ... The Need to Express, the Urge to Create --$gPart 2:$tSensory Experiences.$tL.A. Re-dos and Add-ons: Private Space vs. Public Policy --$tModern Arts and Arcane Concepts: Expanding Folk Art Study --$tThe Proof Is in the Pudding: The Role of Sensation in Food Choice as Revealed by Sensory Deprivation --$gPart 3:$tArt at Work.$tCreating and Using Argot at the Jayhawk Cafe: Communication, Ambience, and Identity --$tA Feeling for Form, as Illustrated by People at Work --$tAesthetics at Work: Art and Ambience in an Organization --$gPart 4:$tMethods and Concepts.$tAesthetic Attitude, Judgment, and Response: Definitions and Distinctions --$tThe Material Culture of Corporate Life --$tPreaching What We Practice: Pedagogical Techniques Regarding the Analysis of Objects in Organizations --$tEpilogue.
=506  0\$aOpen Access$fUnrestricted online access$2star
=520  \\$aJones explores the human impulse to create, the necessity for having aesthetically satisfying experiences, and the craving for tradition. He also considers topics such as making chairs, remodeling houses, using and preserving soda-fountain slang, preparing and eating food, and sculpting lifelike figures out of cement.
=588  \\$aDescription based on print version record.
=650  \7$aMaterial culture$2fast
=650  \7$aManners and customs$2fast
=650  \7$aFolklore$2fast
=650  \7$aFolk art$2fast
=650  \7$aART$xGeneral.$2bisacsh
=650  \7$aART$xPopular Culture.$2bisacsh
=650  \6$aFolklore$zÉtats-Unis.
=650  \6$aCulture materielle$zÉtats-Unis.
=650  \6$aArt populaire$zÉtats-Unis.
=650  \0$aFolklore$zUnited States.
=650  \0$aMaterial culture$zUnited States.
=650  \0$aFolk art$zUnited States.
=651  \7$aUnited States$2fast$1https://id.oclc.org/worldcat/entity/E39PBJtxgQXMWqmjMjjwXRHgrq
=651  \6$aÉtats-Unis$xMoeurs et coutumes.
=651  \0$aUnited States$xSocial life and customs.
=655  \7$aElectronic books. $2local
=710  2\$aProject Muse.$edistributor
=830  \0$aBook collections on Project MUSE.
=856  40$zFull text available: $uhttps://muse.jhu.edu/book/9263/
=945  \\$aProject MUSE - Archive Complete Foundation
=945  \\$aProject MUSE - Archive Global Cultural Studies Foundation

