=LDR  02972cam a22005174a 4500
=001  musev2_9265
=003  MdBmJHUP
=005  20241011045621.0
=006  m\\\\\o\\d\\\\\\\\
=007  cr||||||||nn|n
=008  050802s2005\\\\utu\\\\\o\\\\\\00\0\eng\d
=010  \\$z  2005020065
=020  \\$a9780874215168
=020  \\$z9780874216257
=035  \\$a(OCoLC)62425178
=040  \\$aMdBmJHUP$cMdBmJHUP
=043  \\$an-us-ut
=050  04$aHQ1438.U8$bW66 2005
=082  0\$a305.4/09792$222
=245  00$aWomen In Utah History : $bParadigm Or Paradox? / $cedited by Patricia Lyn Scott and Linda Thatcher ; Susan Allred Whetstone, photograph editor.
=264  \1$aLogan, Utah :$bUtah State University Press,$c2005.
=264  \3$aBaltimore, Md. :$bProject MUSE, $c2012
=264  \4$c&copy;2005.
=300  \\$a1 online resource (456 pages): $bill. ;
=336  \\$atext$btxt$2rdacontent
=337  \\$acomputer$bc$2rdamedia
=338  \\$aonline resource$bcr$2rdacarrier
=500  \\$a"A project of the Utah Women's History Association cosponsored by the Utah State Historical Society."
=504  \\$aIncludes bibliographical references (p. 416-418) and index.
=505  00$tPolygamous and monogamous Mormon women : a comparison /$rJessie L. Embry and Lois Kelley --$tInnovation and accommodation : the legal status of women in territorial Utah, 1850-1896 /$rLisa Madsen Pearson and Carol Cornwall Madsen --$tConflict and contributions : women in churches, 1847-1920 /$rJohn Sillito --$tEthnic women, 1900-1940 /$rHelen Z. Papanikolas --$tProfessionalization of farm women, 1890-1940 /$rCynthia Sturgis --$tGainfully employed women, 1896-1950 /$rMiriam B. Murphy --$tFrom schoolmarm to state superintendent : the changing role of women in education, 1847-2004 /$rMary R. Clark and Patricia Lyn Scott --$tScholarship, service, and sisterhood : women's clubs and associations, 1877-1977 /$rJill Mulvay Derr --$tWomen of letters : a unique literary tradition /$rGary Topping --$tWomen in the arts : evolving roles and diverse expressions /$rMartha Sonntag Bradley-Evans --$tWomen in politics : power in the public sphere /$rKathryn L. MacKay --$tWomen's life cycles, 1850-1940 /$rJessie L. Embry.
=506  0\$aOpen Access$fUnrestricted online access$2star
=588  \\$aDescription based on print version record.
=650  \0$aWomen$zUtah$xSocial conditions.
=650  \0$aWomen$zUtah$xHistory.
=651  \0$aUtah$xSocial conditions.
=651  \0$aUtah$xHistory.
=655  \7$aElectronic books. $2local
=700  1\$aThatcher, Linda,$d1946-
=700  1\$aScott, Patricia Lyn.
=710  2\$aUtah State Historical Society.
=710  2\$aUtah Women's History Association.
=710  2\$aProject Muse.$edistributor
=830  \0$aBook collections on Project MUSE.
=856  40$zFull text available: $uhttps://muse.jhu.edu/book/9265/
=945  \\$aProject MUSE - Archive Complete Foundation
=945  \\$aProject MUSE - Archive US Regional Studies, West Foundation

