=LDR  02803cam a22004334a 4500
=001  musev2_9267
=003  MdBmJHUP
=005  20241011045622.0
=006  m\\\\\o\\d\\\\\\\\
=007  cr||||||||nn|n
=008  240111s2003\\\\xx\\\\\\o\\\\\\00\0\und\d
=020  \\$a9780874214802
=020  \\$z9780874215533
=035  \\$a(OCoLC)53924672
=040  \\$aMdBmJHUP$cMdBmJHUP
=100  1\$aBroad, Bob$eVerfasserIn.$4aut
=245  10$aWhat We Really Value : $bBeyond Rubrics in Teaching and Assessing Writing
=264  \1$a[Erscheinungsort nicht ermittelbar]$bUniversity Press of Colorado$c2003
=264  \3$aBaltimore, Md. :$bProject MUSE, $c2012
=264  \4$c&copy;2003
=300  \\$a1 online resource (189 pages).
=336  \\$atext$btxt$2rdacontent
=337  \\$acomputer$bc$2rdamedia
=338  \\$aonline resource$bcr$2rdacarrier
=506  0\$aOpen Access$fUnrestricted online access$2star
=520  \\$aWhat We Really Value traces the origins of traditional rubrics within the theoretical and historical circumstances out of which they emerged, then holds rubrics up for critical scrutiny in the context of contemporary developments in the field. As an alternative to the generic character and decontextualized function of scoring guides, he offers dynamic criteria mapping, a form of qualitative inquiry by which writing programs (as well as individual instructors) can portray their rhetorical values with more ethical integrity and more pedagogical utility than rubrics allow. To illustrate the complex and indispensable insights this method can provide, Broad details findings from his study of eighty-nine distinct and substantial criteria for evaluation at work in the introductory composition program at "City University." These chapters are filled with the voices of composition instructors debating and reflecting on the nature, interplay, and relative importance of the many criteria by which they judged students' texts. Broad concludes his book with specific strategies that can help writing instructors and programs to discover, negotiate, map, and express a more robust truth about what they value in their students' rhetorical performances.
=546  \\$aEnglish.
=588  \\$aDescription based on print version record.
=650  \4$aCreative writing & creative writing guides.
=650  \4$aLanguage: reference & general.
=650  \4$aExaminations & assessment.
=650  \4$aHigher & further education, tertiary education.
=650  \4$aEducation.
=655  \7$aElectronic books. $2local
=710  2\$aProject Muse.$edistributor
=830  \0$aBook collections on Project MUSE.
=856  40$zFull text available: $uhttps://muse.jhu.edu/book/9267/
=945  \\$aProject MUSE - Archive Complete Foundation
=945  \\$aProject MUSE - Archive Higher Education Foundation

