=LDR  02652cam a22004694a 4500
=001  musev2_9268
=003  MdBmJHUP
=005  20241011045623.0
=006  m\\\\\o\\d\\\\\\\\
=007  cr||||||||nn|n
=008  040714s2004\\\\utu\\\\\o\\\\\\00\0\eng\d
=010  \\$z  2004016467
=020  \\$a9780874215120
=020  \\$z9780874215922
=035  \\$a(OCoLC)62337621
=040  \\$aMdBmJHUP$cMdBmJHUP
=050  04$aPN6401$b.W48 2004
=082  0\$a398.9/09$222
=245  00$aWhat Goes Around Comes Around / $cedited by Kimberly J. Lau, Peter Tokofsky, Stephen D. Winick.
=264  \1$aLogan :$bUtah State University Press,$c2004.
=264  \3$aBaltimore, Md. :$bProject MUSE, $c2012
=264  \4$c&copy;2004.
=300  \\$a1 online resource (196 pages).
=336  \\$atext$btxt$2rdacontent
=337  \\$acomputer$bc$2rdamedia
=338  \\$aonline resource$bcr$2rdacarrier
=500  \\$a"Essays in honor of Wolfgang Mieder"--P. [ii].
=504  \\$aIncludes bibliographical references.
=505  0\$aWhat goes around comes around : the circulation of proverbs in contemporary life / Kimberly J. Lau, Peter Tokofsky, and Stephen D. Winick -- "In aqua scribere" : the evolution of a current proverb / Charles Clay Doyle -- "From one act of charity, the world is saved" : creative selection of proverbs in Sephardic narrative / Isaac Jack Levy and Rosemary Levy Zumwalt -- Baseball as (pan)America : a sampling of baseball-related metaphors in Spanish / Shirley L. Arora -- "You can't kill shit" : occupational proverb and metaphorical system among young medical professionals / Stephen D. Winick -- "Cheaters never prosper" and other lies adults tell kids : proverbs and the culture wars over character / Jay Mechling -- The proverb and fetishism in American advertisements / Anand Prahlad -- "The early bird is worth two in the bush" : Captain Jack Aubrey's fractured proverbs / Jan Harold Brunvand -- As the crow flies : a straightforward study of lineal worldview in American folk speech / Alan Dundes.
=506  0\$aOpen Access$fUnrestricted online access$2star
=588  \\$aDescription based on print version record.
=650  \0$aProverbs$xHistory and criticism.
=655  \7$aElectronic books. $2local
=700  1\$aMieder, Wolfgang.
=700  1\$aWinick, Stephen D.,$d1968-
=700  1\$aTokofsky, Peter,$d1963-
=700  1\$aLau, Kimberly J.
=710  2\$aProject Muse.$edistributor
=830  \0$aBook collections on Project MUSE.
=856  40$zFull text available: $uhttps://muse.jhu.edu/book/9268/
=945  \\$aProject MUSE - Archive Complete Foundation
=945  \\$aProject MUSE - Archive Global Cultural Studies Foundation

