=LDR  01919cam a22004694a 4500
=001  musev2_9269
=003  MdBmJHUP
=005  20241011045624.0
=006  m\\\\\o\\d\\\\\\\\
=007  cr||||||||nn|n
=008  031107s2004\\\\utu\\\\\o\\\\\\00\0\eng\d
=010  \\$z  2003024239
=020  \\$a9780874214901
=020  \\$z9780874215724
=035  \\$a(OCoLC)606148706
=040  \\$aMdBmJHUP$cMdBmJHUP
=043  \\$an-us-ut$an-usp--
=050  04$aF834.W477$bM55 2004
=082  0\$a979.2$222
=100  1\$aMilligan, Mike,$d1954-
=245  10$aWestwater Lost and Found / $cMike Milligan.
=264  \1$aLogan :$bUtah State University Press,$c2004.
=264  \3$aBaltimore, Md. :$bProject MUSE, $c2012
=264  \4$c&copy;2004.
=300  \\$a1 online resource (300 pages): $bill., maps ;
=336  \\$atext$btxt$2rdacontent
=337  \\$acomputer$bc$2rdamedia
=338  \\$aonline resource$bcr$2rdacarrier
=504  \\$aIncludes bibliographical references (p. 268-273) and index.
=505  0\$aFirst touched by man : beginnings -- Westwater town : a trip in time -- Gunslingers and bad guys -- Cattle versus sheep -- Rocks, dams, and hideouts : entering the canyon -- The river runners : entering the gorge -- Skull Rapid -- The Memorial.
=506  0\$aOpen Access$fUnrestricted online access$2star
=588  \\$aDescription based on print version record.
=651  \0$aColorado River (Colo.-Mexico)$xDescription and travel.
=651  \0$aColorado River (Colo.-Mexico)$xHistory.
=651  \0$aWestwater (Utah)$xDescription and travel.
=651  \0$aWestwater (Utah)$xHistory.
=655  \7$aElectronic books. $2local
=710  2\$aProject Muse.$edistributor
=830  \0$aBook collections on Project MUSE.
=856  40$zFull text available: $uhttps://muse.jhu.edu/book/9269/
=945  \\$aProject MUSE - Archive Complete Foundation
=945  \\$aProject MUSE - Archive US Regional Studies, West Foundation

