=LDR  01837cam a22004934a 4500
=001  musev2_9271
=003  MdBmJHUP
=005  20241011045625.0
=006  m\\\\\o\\d\\\\\\\\
=007  cr||||||||nn|n
=008  060322s2006\\\\utu\\\\\o\\\\\\00\0\eng\d
=010  \\$z  2006009473
=020  \\$a9780874215373
=020  \\$z9780874216349
=035  \\$a(OCoLC)252244509
=040  \\$aMdBmJHUP$cMdBmJHUP
=043  \\$an-us---
=050  04$aQH31.W626$bA5 2006
=082  0\$a508$222
=100  1\$aWilliams, Terry Tempest.
=245  12$aVoice in the Wilderness : $bConversations with Terry Tempest Williams / $cedited by Michael Austin ; Willet drawing by Lee Carlman Riddell.
=264  \1$aLogan, Utah :$bUtah State University Press,$c2006.
=264  \3$aBaltimore, Md. :$bProject MUSE, $c2012
=264  \4$c&copy;2006.
=300  \\$a1 online resource (206 pages): $bill. ;
=336  \\$atext$btxt$2rdacontent
=337  \\$acomputer$bc$2rdamedia
=338  \\$aonline resource$bcr$2rdacarrier
=504  \\$a"Interviews with Terry Tempest Williams": p. 187-189.
=504  \\$aIncludes bibliographical references and index.
=506  0\$aOpen Access$fUnrestricted online access$2star
=588  \\$aDescription based on print version record.
=600  10$aWilliams, Terry Tempest$vInterviews.
=650  \0$aHuman ecology.
=650  \0$aAuthors$vInterviews.
=650  \0$aEnvironmentalists$zUnited States$vInterviews.
=650  \0$aNaturalists$zUnited States$vInterviews.
=655  \7$aElectronic books. $2local
=700  1\$aAustin, Michael,$d1966-
=710  2\$aProject Muse.$edistributor
=830  \0$aBook collections on Project MUSE.
=856  40$zFull text available: $uhttps://muse.jhu.edu/book/9271/
=945  \\$aProject MUSE - Archive Complete Foundation
=945  \\$aProject MUSE - Archive Literature Foundation

