=LDR  01745cam a22004694a 4500
=001  musev2_9272
=003  MdBmJHUP
=005  20241011045625.0
=006  m\\\\\o\\d\\\\\\\\
=007  cr||||||||nn|n
=008  040129s2004\\\\utu\\\\\o\\\\\\00\0\eng\d
=010  \\$z  2004001967
=020  \\$a9780874215298
=020  \\$z9780874215809
=035  \\$a(OCoLC)71148218
=040  \\$aMdBmJHUP$cMdBmJHUP
=043  \\$an-usp--
=050  04$aPS3521.I764$bA6 2004
=082  0\$a818/.52$222
=100  1\$aKiskaddon, Bruce,$d1878-1950.
=245  10$aShorty's Yarns : $bWestern Stories and Poems of Bruce Kiskaddon / $cillustrations by Katherine Field ; edited and with an introduction by Bill Siems.
=264  \1$aLogan :$bUtah State University Press,$c2004.
=264  \3$aBaltimore, Md. :$bProject MUSE, $c2012
=264  \4$c&copy;2004.
=300  \\$a1 online resource (193 pages): $bill. ;
=336  \\$atext$btxt$2rdacontent
=337  \\$acomputer$bc$2rdamedia
=338  \\$aonline resource$bcr$2rdacarrier
=504  \\$aIncludes bibliographical references (p. 163-171).
=506  0\$aOpen Access$fUnrestricted online access$2star
=588  \\$aDescription based on print version record.
=651  \0$aWest (U.S.)$vLiterary collections.
=650  \0$aCowboys$vLiterary collections.
=650  \0$aRanch life$vLiterary collections.
=655  \7$aElectronic books. $2local
=700  1\$aSiems, Bill,$d1945-
=700  1\$aField, Katherine,$d1908-
=710  2\$aProject Muse.$edistributor
=830  \0$aBook collections on Project MUSE.
=856  40$zFull text available: $uhttps://muse.jhu.edu/book/9272/
=945  \\$aProject MUSE - Archive Complete Foundation
=945  \\$aProject MUSE - Archive US Regional Studies, West Foundation

