=LDR  03181cam a22004574a 4500
=001  musev2_9273
=003  MdBmJHUP
=005  20241011045626.0
=006  m\\\\\o\\d\\\\\\\\
=007  cr||||||||nn|n
=008  050425s2005\\\\utu\\\\\o\\\\\\00\0\eng\d
=010  \\$z  2005011921
=020  \\$a9780874215144
=020  \\$z9780874216127
=035  \\$a(OCoLC)62425181
=040  \\$aMdBmJHUP$cMdBmJHUP
=050  04$aGE25$b.G73 2005
=082  0\$a333.72$222
=100  1\$aGraulich, Melody,$d1951-
=245  14$aSearch for a Common Language : $bEnvironmental Writing and Education / $cedited and with an introduction by Melody Graulich and Paul Crumbley.
=264  \1$aLogan, Utah :$bUtah State University Press Logan,$c2005.
=264  \3$aBaltimore, Md. :$bProject MUSE, $c2012
=264  \4$c&copy;2005.
=300  \\$a1 online resource (210 pages).
=336  \\$atext$btxt$2rdacontent
=337  \\$acomputer$bc$2rdamedia
=338  \\$aonline resource$bcr$2rdacarrier
=504  \\$aIncludes bibliographical references (p. 197-202).
=505  00$gIntroduction /$rPaul Crumbley, Melody Graulich --$tPreliminary reflections on matters environmental /$rCarolyn Tanner Irish --$tPainted lady /$rKen Brewer --$tWho lost the limberlost? Education in a mis-placed age /$rRobert Michael Pyle --$tThe silliest debate /$rKen Brewer --$tCousins: what the great apes tell us about human origins /$rCraig B. Stanford --$tWhy dogs stopped flying /$rKen Brewer --$tHow science and the public can lead to better decision making in earth system management /$rHartmut Grassl --$tMartha /$rKen Brewer --$tWhat is the L.A. River? /$rJennifer Price --$tThe river blind /$rKen Brewer --$tThe unexpected environmentalist: building a centrist coalition /$rTed Kerasote --$tDermatophagoides /$rKen Brewer --$tAt cloudy pass: the need of being versed in human things /$rLouis Owens --$tTrying not to lie /$rKen Brewer --$tTuttle road: landscape as environmental text /$rKent C. Ryden --$tThe Tarantula Hawk /$rKen Brewer --$tBegin with a river /$rAnnick Smith --$tHow to train a horse to burn /$rKen Brewer --$tThe natural west /$rDan Flores --$tSheep /$rKen Brewer --$tSeparation anxiety: the perilous alienation of humans from the wild /$rEllen Meloy --$tLargest living organism on earth /$rKen Brewer --$tGoing south /$rWilliam Kittredge --$tNow the sun has come to earth /$rKen Brewer --$tThe Pleiades /$rSusan J. Tweit --$tScarlet Penstemon /$rKen Brewer --$tPoetry reading at the Tanner Conference /$rKeith Wilson --$tCommon cause in common voice /$rRobert Michael Pyle.
=506  0\$aOpen Access$fUnrestricted online access$2star
=588  \\$aDescription based on print version record.
=650  \0$aEnvironmental sciences$vPoetry.
=650  \0$aEnvironmental education.
=650  \0$aCommunication in the environmental sciences.
=655  \7$aElectronic books. $2local
=700  1\$aCrumbley, Paul,$d1952-
=710  2\$aProject Muse.$edistributor
=830  \0$aBook collections on Project MUSE.
=856  40$zFull text available: $uhttps://muse.jhu.edu/book/9273/
=945  \\$aProject MUSE - Archive Complete Foundation
=945  \\$aProject MUSE - Archive Higher Education Foundation

