=LDR  01367cam a22003974a 4500
=001  musev2_9274
=003  MdBmJHUP
=005  20241011045628.0
=006  m\\\\\o\\d\\\\\\\\
=007  cr||||||||nn|n
=008  030515s2003\\\\utu\\\\\o\\\\\\00\0\eng\d
=010  \\$z  2003011389
=020  \\$a9780874214833
=020  \\$z9780874215762
=020  \\$z9780874215670
=035  \\$a(OCoLC)53924693
=040  \\$aMdBmJHUP$cMdBmJHUP
=050  04$aPS3552.I77234$bS54 2003
=082  0\$a811/.6$221
=100  1\$aBishop, Suzette.
=245  10$aShe Took Off Her Wings And Shoes / $cby Suzette Marie Bishop.
=264  \1$aLogan :$bUtah State University Press,$c2003.
=264  \3$aBaltimore, Md. :$bProject MUSE, $c2012
=264  \4$c&copy;2003.
=300  \\$a1 online resource (101 pages).
=336  \\$atext$btxt$2rdacontent
=337  \\$acomputer$bc$2rdamedia
=338  \\$aonline resource$bcr$2rdacarrier
=506  0\$aOpen Access$fUnrestricted online access$2star
=588  \\$aDescription based on print version record.
=655  \7$aElectronic books. $2local
=710  2\$aProject Muse.$edistributor
=830  \0$aBook collections on Project MUSE.
=856  40$zFull text available: $uhttps://muse.jhu.edu/book/9274/
=945  \\$aProject MUSE - Archive Complete Foundation
=945  \\$aProject MUSE - Archive Poetry, Fiction and Creative Non-Fiction Foundation

