=LDR  04518cam a22005774a 4500
=001  musev2_9275
=003  MdBmJHUP
=005  20241011045629.0
=006  m\\\\\o\\d\\\\\\\\
=007  cr||||||||nn|n
=008  051203s2005\\\\utu\\\\\o\\\\\\00\0\eng\d
=020  \\$a9780874215199
=020  \\$z9780874216219
=035  \\$a(OCoLC)62425175
=040  \\$aMdBmJHUP$cMdBmJHUP
=245  00$aRefiguring Prose Style : $bPossibilities For Writing Pedagogy / $cedited by T.R. Johnson, Tom Pace.
=264  \1$aLogan, Utah :$bUtah State University Press,$c2005.
=264  \3$aBaltimore, Md. :$bProject MUSE, $c2012
=264  \4$c©2005.
=300  \\$a1 online resource (326 pages): $billustrations
=336  \\$atext$btxt$2rdacontent
=337  \\$acomputer$bc$2rdamedia
=338  \\$aonline resource$bcr$2rdacarrier
=505  00$tStyle and the renaissance of composition studies /$rTom Pace --$tWhere is style going? Where has it been? /$rElizabeth Weiser --$tContextual stylistics : breaking down the binaries in sentence-level pedagogy /$rRebecca Moore Howard --$tStyle redux /$rKathryn Flannery --$tThe uses of literature /$rTina Kelleher --$tPersuasion, more than argument : moving toward a literary sensitivity in the classroom /$rAllison Alsup --$tAn arts-centric composition classroom /$rGabriel Gomez --$tPlaying with echo : strategies for teaching repetition in the writing classroom /$rMelissa A. Goldthwaite --$tThe "Weird Al" style method : playful invention as serious pedagogy /$rKeith Rhodes --$tWhen their voice is their problem : using imitation to teach the classroom dialect /$rJ. Scott Farrin --$tStyle : the new grammar in composition studies? /$rNicole Amare --$tBalancing thought and expression : a short course in style /$rLisa Baird --$tRethinking stylistic analysis in the writing class /$rWilliam J. Carpenter --$tRe-placing the sentence : approaching style through genre /$rPeter Clements --$tTutoring taboo : a reconsideration of style in the writing center /$rJesse Kavadlo --$tRhetor-fitting : defining ethics through style /$rDion C. Cautrell --$tStyle as a system : toward a cybernetic model of composition style /$rDrew Loewe --$tTeaching the tropics of inquiry in the composition classroom /$rM. Todd Harper --$tWriting with the ear /$rT.R. Johnson.
=506  0\$aOpen Access$fUnrestricted online access$2star
=520  \\$aThis collection takes up a comprehensive study of stylistics in the teaching of writing in higher education. Part I explores the recent history of composition studies, the ways it has figured and all but effaced the whole question of prose style. Part II takes to heart Elbow's suggestion that composition and literature, particularly as conceptualized in the context of creative writing courses, have something to learn from each other. Part III sketches practical classroom procedures for heightening students' abilities to engage style, and part IV explores new theoretical frameworks for defining.
=546  \\$aEnglish.
=588  \\$aDescription based on print version record.
=650  \7$aReport writing$xStudy and teaching$2fast
=650  \7$aInterdisciplinary approach in education$2fast
=650  \7$aEnglish language$xStyle$xStudy and teaching$2fast
=650  \7$aEnglish language$xRhetoric$xStudy and teaching$2fast
=650  \7$aEDUCATION$xTeaching Methods & Materials$xArts & Humanities.$2bisacsh
=650  \7$aLANGUAGE ARTS & DISCIPLINES$xComposition & Creative Writing.$2bisacsh
=650  \7$aREFERENCE$xWriting Skills.$2bisacsh
=650  \7$aLANGUAGE ARTS & DISCIPLINES$xRhetoric.$2bisacsh
=650  \6$aRapports$xRedaction$xÉtude et enseignement.
=650  \6$aInterdisciplinarite en education.
=650  \6$aAnglais (Langue)$xStylistique$xÉtude et enseignement.
=650  \0$aReport writing$xStudy and teaching.
=650  \0$aInterdisciplinary approach in education.
=650  \0$aEnglish language$xStyle$xStudy and teaching.
=650  \0$aEnglish language$xRhetoric$xStudy and teaching.
=655  \7$aElectronic books. $2local
=700  1\$aPace, Tom,$d1969-$1https://id.oclc.org/worldcat/entity/E39PCjvkvQCWFdGDYRrHmWpVRX
=700  1\$aJohnson, T. R.,$d1964-$1https://id.oclc.org/worldcat/entity/E39PCjtKdrvmbtyQtbvfvbmMvb
=710  2\$aProject Muse.$edistributor
=830  \0$aBook collections on Project MUSE.
=856  40$zFull text available: $uhttps://muse.jhu.edu/book/9275/
=945  \\$aProject MUSE - Archive Complete Foundation
=945  \\$aProject MUSE - Archive Higher Education Foundation

