=LDR  01879cam a22004934a 4500
=001  musev2_9277
=003  MdBmJHUP
=005  20241011045630.0
=006  m\\\\\o\\d\\\\\\\\
=007  cr||||||||nn|n
=008  051220s2006\\\\utu\\\\\o\\\\\\00\0\eng\d
=010  \\$z  2005036652
=020  \\$a9780874215311
=020  \\$z9780874216264
=035  \\$a(OCoLC)71214642
=040  \\$aMdBmJHUP$cMdBmJHUP
=043  \\$an-us---$ae-uk-en
=050  04$aBX8695.A72$bA3 2006
=082  0\$a973.5092$aB$222
=100  1\$aArcher, Patience Loader,$d1827-1921.
=245  10$aRecollections of Past Days : $bThe Autobiography of Patience Loader Rozsa Archer / $cedited by Sandra Ailey Petree.
=264  \1$aLogan, Utah :$bUtah State University Press,$c2006.
=264  \3$aBaltimore, Md. :$bProject MUSE, $c2012
=264  \4$c&copy;2006.
=300  \\$a1 online resource (279 pages): $bill., maps ;
=336  \\$atext$btxt$2rdacontent
=337  \\$acomputer$bc$2rdamedia
=338  \\$aonline resource$bcr$2rdacarrier
=504  \\$aIncludes bibliographical references (p. 249-256) and index.
=506  0\$aOpen Access$fUnrestricted online access$2star
=588  \\$aDescription based on print version record.
=600  10$aArcher, Patience Loader,$d1827-1921.
=650  \0$aMormons$xEmigration and immigration.
=650  \0$aMormon women$zEngland$vBiography.
=650  \0$aMormon women$zUnited States$vBiography.
=610  20$aEdward Martin Emigrating Company.
=611  20$aUtah Expedition$d(1857-1858)
=655  \7$aElectronic books. $2local
=700  1\$aPetree, Sandra Ailey,$d1945-
=710  2\$aProject Muse.$edistributor
=830  \0$aBook collections on Project MUSE.
=856  40$zFull text available: $uhttps://muse.jhu.edu/book/9277/
=945  \\$aProject MUSE - Archive Complete Foundation
=945  \\$aProject MUSE - Archive US Regional Studies, West Foundation

