=LDR  03589cam a22007214a 4500
=001  musev2_9278
=003  MdBmJHUP
=005  20241011045630.0
=006  m\\\\\o\\d\\\\\\\\
=007  cr||||||||nn|n
=008  201109s2005\\\\xx\\\\\\o\\\\\\00\0\eng\d
=020  \\$a9780874215182
=020  \\$z9780874216226
=035  \\$a(OCoLC)62425176
=040  \\$aMdBmJHUP$cMdBmJHUP
=100  1\$aWolfgang Mieder.
=245  10$aProverbs Are The Best Policy : $bFolk Wisdom And American Politics
=264  \1$bUtah State University$c2005.
=264  \3$aBaltimore, Md. :$bProject MUSE, $c2012
=264  \4$c©2005.
=300  \\$a1 online resource (339 pages).
=336  \\$atext$btxt$2rdacontent
=337  \\$acomputer$bc$2rdamedia
=338  \\$aonline resource$bcr$2rdacarrier
=505  0\$a"Different strokes for different folks" : American proverbs as an international, national, and global phenomenon -- "Government of the people, by the people, for the people" : the making and meaning of an American proverb about democracy -- "God helps them who help themselves" : proverbial resolve in the letters of Abigail Adams -- "A house divided against itself cannot stand" : from biblical proverb to Abraham Lincoln and beyond -- "Do unto others as you would have them do unto you" : Frederick Douglass's proverbial struggle for civil rights -- "It's not a president's business to catch flies" : proverbial rhetoric in presidential inaugural addresses -- "We are all in the same boat now" : proverbial discourse in the Churchill-Roosevelt correspondence -- "Good fences make good neighbors" : the sociopolitical significance of an ambiguous proverb.
=506  0\$aOpen Access$fUnrestricted online access$2star
=588  \\$aDescription based on print version record.
=650  \7$aSprichwort$2gnd
=650  \7$aPolitische Sprache$2gnd
=650  \7$aRhetoric$xPolitical aspects$2fast
=650  \7$aProverbs$xPolitical aspects$2fast
=650  \7$aProverbs, American$2fast
=650  \7$aPolitics and government$2fast
=650  \7$aPoliticians$xLanguage$2fast
=650  \7$aSocial Science$xAnthropology$xCultural.$2bisacsh
=650  \7$aSocial Science$xGeneral.$2bisacsh
=650  \6$aPoliticiens$zÉtats-Unis$xLangage.
=650  \6$aDiscours politique$zÉtats-Unis.
=650  \6$aProverbes$xAspect politique$zÉtats-Unis.
=650  \6$aProverbes americains.
=650  \0$aPoliticians$zUnited States$xLanguage.
=650  \0$aRhetoric$xPolitical aspects$zUnited States.
=650  \0$aProverbs$xPolitical aspects$zUnited States.
=650  \0$aProverbs, American.
=651  \7$aUSA$2gnd
=651  \7$aUnited States$2fast$1https://id.oclc.org/worldcat/entity/E39PBJtxgQXMWqmjMjjwXRHgrq
=651  \6$aÉtats-Unis$xPolitique et gouvernement$vCitations, maximes, etc.
=651  \0$aUnited States$xPolitics and government$vQuotations, maxims, etc.
=651  \0$aUnited States$xPolitics and government$vMiscellanea.
=655  \7$aCitations.$2rvmgf
=655  \7$aMiscellanees.$2rvmgf
=655  \7$aQuotations.$2lcgft
=655  \7$aTrivia and miscellanea.$2lcgft
=655  \7$aTrivia and miscellanea$2fast
=655  \7$aQuotations$2fast
=655  \7$aquotations (texts)$2aat
=655  \7$amiscellanies.$2aat
=655  \7$aElectronic books. $2local
=710  2\$aProject Muse.$edistributor
=830  \0$aBook collections on Project MUSE.
=856  40$zFull text available: $uhttps://muse.jhu.edu/book/9278/
=945  \\$aProject MUSE - Archive Complete Foundation
=945  \\$aProject MUSE - Archive Political Science and Policy Studies Foundation

