=LDR  02302cam a22003974a 4500
=001  musev2_9279
=003  MdBmJHUP
=005  20241011045631.0
=006  m\\\\\o\\d\\\\\\\\
=007  cr||||||||nn|n
=008  180315s2004\\\\xx\\\\\\o\\\\\\00\0\eng\d
=020  \\$a9780874215038
=020  \\$z9780874215953
=035  \\$a(OCoLC)62266082
=040  \\$aMdBmJHUP$cMdBmJHUP
=100  1\$aDeJoy, Nancy C.
=245  10$aProcess This : $bUndergraduate Writing in Composition Studies / $cNancy C. DeJoy.
=264  \1$aLogan :$bUtah State University Press,$c2004.
=264  \3$aBaltimore, Md. :$bProject MUSE, $c2012
=264  \4$c&copy;2004.
=300  \\$a1 online resource (183 pages).
=336  \\$atext$btxt$2rdacontent
=337  \\$acomputer$bc$2rdamedia
=338  \\$aonline resource$bcr$2rdacarrier
=506  0\$aOpen Access$fUnrestricted online access$2star
=520  0\$aIn Process This, Nancy DeJoy argues that even recent revisions to composition studies, cultural studies, service learning, and social process movements--continue to repress the subjects and methodologies that should be central, especially at the level of classroom practice. Designed to move student discourses beyond the classroom, these approaches nonetheless continue to position composition students (and teachers) as mere consumers of the discipline. This means that the subjects, methodologies, and theory/practice relationships that define the field are often absent in composition classrooms. Arguing that the world inside and outside of the academy cannot be any different if the profession stays the same, DeJoy creates a pedagogy and a plan for faculty development that revisions the prewrite/write/rewrite triad to open spaces for participation and contribution to all members of first-year writing classrooms.
=588  \\$aDescription based on print version record.
=650  \7$aEnglish language.$2fast$0(OCoLC)fst00910920
=650  \6$aAnglais (Langue)
=650  \0$aEnglish language.
=655  \7$aElectronic books. $2local
=710  2\$aProject Muse.$edistributor
=830  \0$aBook collections on Project MUSE.
=856  40$zFull text available: $uhttps://muse.jhu.edu/book/9279/
=945  \\$aProject MUSE - Archive Complete Foundation
=945  \\$aProject MUSE - Archive Higher Education Foundation

