=LDR  01605cam a22004454a 4500
=001  musev2_9280
=003  MdBmJHUP
=005  20241011045631.0
=006  m\\\\\o\\d\\\\\\\\
=007  cr||||||||nn|n
=008  031210s2004\\\\utu\\\\\o\\\\\\00\0\eng\d
=010  \\$z  2003026807
=020  \\$a9780874214949
=020  \\$z9780874215779
=035  \\$a(OCoLC)71300653
=040  \\$aMdBmJHUP$cMdBmJHUP
=050  04$aP301$b.P716 2004
=082  0\$a808$222
=245  04$aPrivate, the Public, and the Published : $bReconciling Private Lives and Public Rhetoric / $cedited by Barbara Couture, Thomas Kent.
=264  \1$aLogan, Utah :$bUtah State University Press,$c2004.
=264  \3$aBaltimore, Md. :$bProject MUSE, $c2012
=264  \4$c&copy;2004.
=300  \\$a1 online resource (285 pages): $bill. ;
=336  \\$atext$btxt$2rdacontent
=337  \\$acomputer$bc$2rdamedia
=338  \\$aonline resource$bcr$2rdacarrier
=504  \\$aIncludes bibliographical references (p. [249]-263) and index.
=506  0\$aOpen Access$fUnrestricted online access$2star
=588  \\$aDescription based on print version record.
=650  \0$aPrivacy, Right of.
=650  \0$aWritten communication.
=650  \0$aRhetoric.
=655  \7$aElectronic books. $2local
=700  1\$aKent, Thomas,$d1947-
=700  1\$aCouture, Barbara.
=710  2\$aProject Muse.$edistributor
=830  \0$aBook collections on Project MUSE.
=856  40$zFull text available: $uhttps://muse.jhu.edu/book/9280/
=945  \\$aProject MUSE - Archive Complete Foundation
=945  \\$aProject MUSE - Archive Higher Education Foundation

