=LDR  02121cam a22004694a 4500
=001  musev2_9281
=003  MdBmJHUP
=005  20241011045632.0
=006  m\\\\\o\\d\\\\\\\\
=007  cr||||||||nn|n
=008  051216s2006\\\\utu\\\\\o\\\\\\00\0\eng\d
=010  \\$z  2005035650
=020  \\$a9780874215328
=020  \\$z9780874216288
=020  \\$z9780874216271
=035  \\$a(OCoLC)71214647
=040  \\$aMdBmJHUP$cMdBmJHUP
=043  \\$an-us-tx
=050  04$aBX8615.T45$bJ64 2006
=082  0\$a289.3/764$222
=100  1\$aJohnson, Melvin C.,$d1949-
=245  10$aPolygamy on the Pedernales : $bLyman Wight's Mormon Village in Antebellum Texas / $cMelvin C. Johnson.
=264  \1$aLogan, UT :$bUtah State University Press,$c2006.
=264  \3$aBaltimore, Md. :$bProject MUSE, $c2012
=264  \4$c&copy;2006.
=300  \\$a1 online resource (240 pages): $bill., map, ports. ;
=336  \\$atext$btxt$2rdacontent
=337  \\$acomputer$bc$2rdamedia
=338  \\$aonline resource$bcr$2rdacarrier
=504  \\$aIncludes bibliographical references (p. 208-223) and index.
=505  0\$a-- Militant Mormonism on the American frontier -- The wild ram strays from the fold -- Gone to Texas -- Frontier Mormonism in the Texas hill country -- Bishop George Miller and zodiac : 1848-1849 -- Cutting the wild ram from the flock -- Independent Mormonism in antebellum Texas -- Polygamy and a temple on the pedernales -- The Mormon Millers of Hamilton Valley -- The Mormon cowboys of Bandera County -- The way of all flesh.
=506  0\$aOpen Access$fUnrestricted online access$2star
=588  \\$aDescription based on print version record.
=610  20$aChurch of Jesus Christ of Latter-day Saints$zTexas$xHistory.
=600  10$aWight, Lyman.
=651  \0$aTexas$xChurch history.
=655  \7$aElectronic books. $2local
=710  2\$aProject Muse.$edistributor
=830  \0$aBook collections on Project MUSE.
=856  40$zFull text available: $uhttps://muse.jhu.edu/book/9281/
=945  \\$aProject MUSE - Archive Complete Foundation
=945  \\$aProject MUSE - Archive US Regional Studies, South Foundation

