=LDR  02914cam a22004934a 4500
=001  musev2_9283
=003  MdBmJHUP
=005  20241011045633.0
=006  m\\\\\o\\d\\\\\\\\
=007  cr||||||||nn|n
=008  061115s2007\\\\utu\\\\\o\\\\\\00\0\eng\d
=010  \\$z  2006038145
=020  \\$a9780874215496
=020  \\$z9780874216578
=035  \\$a(OCoLC)123567611
=040  \\$aMdBmJHUP$cMdBmJHUP
=043  \\$an-us---
=050  04$aLB2331$b.P57 2007
=082  0\$a378.1/2$222
=245  00$aPlacing the Academy : $bEssays on Landscape, Work, and Identity / $cedited by Jennifer Sinor and Rona Kaufman.
=264  \1$aLogan, Utah :$bUtah State University Press,$c2007.
=264  \3$aBaltimore, Md. :$bProject MUSE, $c2012
=264  \4$c©2007.
=300  \\$a1 online resource (320 pages).
=336  \\$atext$btxt$2rdacontent
=337  \\$acomputer$bc$2rdamedia
=338  \\$aonline resource$bcr$2rdacarrier
=504  \\$aIncludes bibliographical references.
=505  0\$aWriting place / Jennifer Sinor -- Six kinds of rain: searching for a place in the academy / Kathleen Dean Moore and Erin E. Moore -- The work the landscape calls us to / Michael Sowder -- Valley language / Diana Garcia -- What I learned from the campus plumber / Charles Bergman -- M-i-crooked letter-crooked letter / Katherine Fischer -- On frogs, poems, and teaching at a rural community college / Seán W. Henne -- Levittown breeds anarchists! film at 11 / Kathryn T. Flannery -- Living in a transformed desert / Mitsuye Yamada -- A more fortunate destiny / Jayne Brim Box -- Imagined Vietnams / Charles Waugh -- Teaching on stolen ground / Deborah A. Miranda -- The blind teaching the blind: the academic as naturalist, or not / Robert Michael Pyle -- Where are you from? / Lee Torda -- Going away to think / Scott Slovic -- Fronteriza consciousness: the site and language of the academy and of life / Norma Elia Cantú -- Bones of summer / Mary Clearman Blew -- Singing, speaking, and seeing a world / Janice M. Gould -- Making places work: felt sense, identity, and teaching / Jeffrey M. Buchanan -- Running in place: the personal at work, in motion, on campus, and in the neighborhood / Rona Kaufman.
=506  0\$aOpen Access$fUnrestricted online access$2star
=588  \\$aDescription based on print version record.
=650  \0$aCreative writing.
=650  \0$aPlace (Philosophy)
=650  \0$aIdentity (Psychology)
=650  \0$aCollege teachers$zUnited States.
=650  \0$aCollege teaching$xPhilosophy.
=655  \7$aElectronic books. $2local
=700  1\$aKaufman, Rona,$d1970-
=700  1\$aSinor, Jennifer,$d1969-
=710  2\$aProject Muse.$edistributor
=830  \0$aBook collections on Project MUSE.
=856  40$zFull text available: $uhttps://muse.jhu.edu/book/9283/
=945  \\$aProject MUSE - Archive Complete Foundation
=945  \\$aProject MUSE - Archive Higher Education Foundation

