=LDR  01996cam a22005294a 4500
=001  musev2_9284
=003  MdBmJHUP
=005  20241011045633.0
=006  m\\\\\o\\d\\\\\\\\
=007  cr||||||||nn|n
=008  041201s2005\\\\utu\\\\\o\\\\\\00\0\eng\d
=010  \\$z  2004028467
=020  \\$a9780874215113
=020  \\$z9780874215977
=035  \\$a(OCoLC)62266081
=040  \\$aMdBmJHUP$cMdBmJHUP
=050  04$aPS325$b.P634 2005
=082  0\$a811/.540932$222
=245  00$aPoets On Place / $c[compiled] by W.T. Pfefferle ; with a foreword by David St. John.
=264  \1$aLogan, Utah :$bUtah State University Press,$c2005.
=264  \3$aBaltimore, Md. :$bProject MUSE, $c2012
=264  \4$c&copy;2005.
=300  \\$a1 online resource (312 pages): $bill., map ;
=336  \\$atext$btxt$2rdacontent
=337  \\$acomputer$bc$2rdamedia
=338  \\$aonline resource$bcr$2rdacarrier
=500  \\$aIncludes index.
=506  0\$aOpen Access$fUnrestricted online access$2star
=588  \\$aDescription based on print version record.
=650  \0$aSetting (Literature)
=650  \0$aLocal color in literature.
=650  \0$aRegionalism in literature.
=650  \0$aPlace (Philosophy) in literature.
=650  \0$aPoets, American$y21st century$vInterviews.
=650  \0$aPoets, American$y20th century$vInterviews.
=650  \0$aAmerican poetry$y21st century$xHistory and criticism$xTheory, etc.
=650  \0$aAmerican poetry$y20th century$xHistory and criticism$xTheory, etc.
=600  10$aPfefferle, W. T.$xTravel$zUnited States.
=651  \0$aUnited States$xIn literature.
=651  \0$aUnited States$xDescription and travel.
=655  \7$aElectronic books. $2local
=700  1\$aPfefferle, W. T.
=710  2\$aProject Muse.$edistributor
=830  \0$aBook collections on Project MUSE.
=856  40$zFull text available: $uhttps://muse.jhu.edu/book/9284/
=945  \\$aProject MUSE - Archive Complete Foundation
=945  \\$aProject MUSE - Archive Literature Foundation

