=LDR  02368cam a22004694a 4500
=001  musev2_9285
=003  MdBmJHUP
=005  20241011045634.0
=006  m\\\\\o\\d\\\\\\\\
=007  cr||||||||nn|n
=008  040504s2004\\\\utu\\\\\o\\\\\\00\0\eng\d
=010  \\$z  2004010414
=020  \\$a9780874215106
=020  \\$z9780874215878
=035  \\$a(OCoLC)476039959
=040  \\$aMdBmJHUP$cMdBmJHUP
=043  \\$an-cn-nf
=050  04$aRA643.86.C22$bN494 2004
=082  0\$a614.5/99392/09718$222
=100  1\$aGoldstein, Diane E.
=245  10$aOnce Upon A Virus / $cDiane E. Goldstein.
=264  \1$aLogan :$bUtah State University Press,$c2004.
=264  \3$aBaltimore, Md. :$bProject MUSE, $c2012
=264  \4$c&copy;2004.
=300  \\$a1 online resource (226 pages).
=336  \\$atext$btxt$2rdacontent
=337  \\$acomputer$bc$2rdamedia
=338  \\$aonline resource$bcr$2rdacarrier
=504  \\$aIncludes bibliographical references and index.
=505  0\$aIntroduction : philosophizing in a war zone -- "Tag, you've got AIDS" : HIV in folklore and legend -- Bad people and body fluids : contemporary legend and AIDS discourse -- Making sense : narrative and the development of culturally appropriate health education -- What exactly did they do with that monkey, anyway? : contemporary legend, scientific speculation, and the politics of blame in the search for AIDS origins -- Welcome to the innocent world of AIDS : cultural viability, localization, and contemporary legend -- "Billy Ray virus" : the folk creation and official maintenance of a public health scapegoat -- "Banishing all the spindles from the kingdom" : reading needle-prick narratives as resistance -- Once upon a virus : public health and narrative as a proactive form.
=506  0\$aOpen Access$fUnrestricted online access$2star
=588  \\$aDescription based on print version record.
=650  \0$aAIDS (Disease)$vLegends.
=650  \0$aHealth behavior.
=650  \0$aRisk perception.
=650  \0$aAIDS (Disease)$zNewfoundland and Labrador.
=655  \7$aElectronic books. $2local
=710  2\$aProject Muse.$edistributor
=830  \0$aBook collections on Project MUSE.
=856  40$zFull text available: $uhttps://muse.jhu.edu/book/9285/
=945  \\$aProject MUSE - Archive Complete Foundation
=945  \\$aProject MUSE - Archive Global Cultural Studies Foundation

