=LDR  01897cam a22005174a 4500
=001  musev2_9286
=003  MdBmJHUP
=005  20241011045634.0
=006  m\\\\\o\\d\\\\\\\\
=007  cr||||||||nn|n
=008  011002s2001\\\\utu\\\\\o\\\\\\00\0\eng\d
=010  \\$z  2001005898
=020  \\$a9780874214727
=020  \\$z9780874214277
=020  \\$z9780874214284
=035  \\$a(OCoLC)606643490
=040  \\$aMdBmJHUP$cMdBmJHUP
=043  \\$an-usp--$an-us-ut
=050  04$aF593$b.B24 2001
=082  0\$a978/.02/092$221
=100  1\$aBarney, Ronald O.,$d1949-
=245  10$aOne Side By Himself : $bThe Life and Times of Lewis Barney, 1808-1894 / $cby Ronald O. Barney.
=264  \1$aLogan :$bUtah State University Press,$c2001.
=264  \3$aBaltimore, Md. :$bProject MUSE, $c2012
=264  \4$c&copy;2001.
=300  \\$a1 online resource (424 pages): $bill., maps ;
=336  \\$atext$btxt$2rdacontent
=337  \\$acomputer$bc$2rdamedia
=338  \\$aonline resource$bcr$2rdacarrier
=504  \\$aIncludes bibliographical references (p. 369-393) and index.
=506  0\$aOpen Access$fUnrestricted online access$2star
=588  \\$aDescription based on print version record.
=600  10$aBarney, Lewis,$d1808-1894.
=650  \0$aMormon Church$xHistory$y19th century.
=650  \0$aFrontier and pioneer life$zUtah.
=650  \0$aFrontier and pioneer life$zWest (U.S.)
=650  \0$aMormon pioneers$zUtah$vBiography.
=650  \0$aMormon pioneers$zWest (U.S.)$vBiography.
=651  \0$aUtah$vBiography.
=651  \0$aWest (U.S.)$vBiography.
=655  \7$aElectronic books. $2local
=710  2\$aProject Muse.$edistributor
=830  \0$aBook collections on Project MUSE.
=856  40$zFull text available: $uhttps://muse.jhu.edu/book/9286/
=945  \\$aProject MUSE - Archive Complete Foundation
=945  \\$aProject MUSE - Archive US Regional Studies, West Foundation

