=LDR  01590cam a22004334a 4500
=001  musev2_9287
=003  MdBmJHUP
=005  20241011045635.0
=006  m\\\\\o\\d\\\\\\\\
=007  cr||||||||nn|n
=008  040908s2005\\\\utu\\\\\o\\\\\\00\0\eng\d
=010  \\$z  2004021215
=020  \\$a9780874215014
=020  \\$z9780874215991
=035  \\$a(OCoLC)62290206
=040  \\$aMdBmJHUP$cMdBmJHUP
=050  04$aLB1031.5$b.O5 2005
=082  0\$a808/.042/0711$222
=245  00$aOn Location : $bTheory and Practice in Classroom-Based Writing Tutoring / $cedited by Candace Spigelman, Laurie Grobman.
=264  \1$aLogan, Utah :$bUtah State University Press,$c2005.
=264  \3$aBaltimore, Md. :$bProject MUSE, $c2012
=264  \4$c&copy;2005.
=300  \\$a1 online resource (274 pages).
=336  \\$atext$btxt$2rdacontent
=337  \\$acomputer$bc$2rdamedia
=338  \\$aonline resource$bcr$2rdacarrier
=504  \\$aIncludes bibliographical references (p. [245]-255) and index.
=506  0\$aOpen Access$fUnrestricted online access$2star
=588  \\$aDescription based on print version record.
=650  \0$aWriting centers.
=650  \0$aPeer-group tutoring of students.
=655  \7$aElectronic books. $2local
=700  1\$aGrobman, Laurie,$d1962-
=700  1\$aSpigelman, Candace,$d1947-
=710  2\$aProject Muse.$edistributor
=830  \0$aBook collections on Project MUSE.
=856  40$zFull text available: $uhttps://muse.jhu.edu/book/9287/
=945  \\$aProject MUSE - Archive Complete Foundation
=945  \\$aProject MUSE - Archive Higher Education Foundation

