=LDR  01532cam a22004454a 4500
=001  musev2_9288
=003  MdBmJHUP
=005  20241011045636.0
=006  m\\\\\o\\d\\\\\\\\
=007  cr||||||||nn|n
=008  051103s2006\\\\utu\\\\\o\\\\\\00\0\eng\d
=010  \\$z  2005031116
=020  \\$a9780874215359
=020  \\$z9780874216332
=020  \\$z9780874216318
=035  \\$a(OCoLC)71214671
=040  \\$aMdBmJHUP$cMdBmJHUP
=043  \\$an-us---
=050  04$aPN75.B62$bA3 2006
=082  0\$a809$aB$222
=100  1\$aBooth, Wayne C.
=245  10$aMy Many Selves : $bThe Quest for a Plausible Harmony / $cWayne C. Booth.
=264  \1$aLogan, Utah :$bUtah State University Press,$c2006.
=264  \3$aBaltimore, Md. :$bProject MUSE, $c2012
=264  \4$c&copy;2006.
=300  \\$a1 online resource (335 pages): $bill. ;
=336  \\$atext$btxt$2rdacontent
=337  \\$acomputer$bc$2rdamedia
=338  \\$aonline resource$bcr$2rdacarrier
=504  \\$aIncludes bibliographical references and index.
=506  0\$aOpen Access$fUnrestricted online access$2star
=588  \\$aDescription based on print version record.
=600  10$aBooth, Wayne C.
=650  \0$aCritics$zUnited States$vBiography.
=655  \7$aElectronic books. $2local
=710  2\$aProject Muse.$edistributor
=830  \0$aBook collections on Project MUSE.
=856  40$zFull text available: $uhttps://muse.jhu.edu/book/9288/
=945  \\$aProject MUSE - Archive Complete Foundation
=945  \\$aProject MUSE - Archive Higher Education Foundation

