=LDR  02985cam a22005054a 4500
=001  musev2_9290
=003  MdBmJHUP
=005  20241011045637.0
=006  m\\\\\o\\d\\\\\\\\
=007  cr||||||||nn|n
=008  060626s2006\\\\utu\\\\\o\\\\\\00\0\eng\d
=010  \\$z  2006021243
=020  \\$a9780874215458
=020  \\$z9780874216530
=035  \\$a(OCoLC)71281689
=040  \\$aMdBmJHUP$cMdBmJHUP
=043  \\$ae-fi---$an-us---
=050  04$aGR41.5$b.W55 2006
=082  0\$a398.2094897$222
=100  1\$aWilson, William Albert,$d1861-1951.
=245  14$aMarrow of Human Experience, The : $bEssays on Folklore by William A. Wilson / $cby William A. Wilson ; edited by Jill Terry Rudy with the assistance of Diane Call.
=264  \1$aLogan, UT :$bUtah State University Press,$c2006.
=264  \3$aBaltimore, Md. :$bProject MUSE, $c2012
=264  \4$c&copy;2006.
=300  \\$a1 online resource (328 pages).
=336  \\$atext$btxt$2rdacontent
=337  \\$acomputer$bc$2rdamedia
=338  \\$aonline resource$bcr$2rdacarrier
=504  \\$a"William A. Wilson's published works": p. 293-297.
=504  \\$aIncludes bibliographical references (p. 299-310) and index.
=505  0\$aIntroduction -- The importance of folklore -- The deeper necessity : folklore and the humanities -- Building bridges : folklore in the academy -- Arts and cultural policy -- "Something there is that doesn't love a wall" -- The folk speak : everyday life in pioneer oral narratives -- Documenting folklore -- Folklore and national identity -- Herder, folklore, and romantic nationalism -- Sibelius, the Kalevala, and Karelianism -- Folklore, nationalism, and the challenge of the future -- Finns in a new world : a folkloristic perspective -- Folklore, religion, and who we are -- The concept of the west and other hindrances to the study of Mormon folklore -- The study of Mormon folklore : an uncertain mirror for truth -- On being human : the folklore of Mormon missionaries -- The seriousness of Mormon humor -- Freeways, parking lots, and ice cream stands : three nephites in contemporary Mormon culture -- "Teach me all that I must do" : the practice of Mormon religion -- Personal narratives : the family novel -- A daughter's biography of William A. Wilson, Denise Wilson Jamsa -- William A. Wilson's published works.
=506  0\$aOpen Access$fUnrestricted online access$2star
=588  \\$aDescription based on print version record.
=650  \0$aMormons$xFolklore.
=650  \0$aFolklore$zFinland.
=650  \0$aNational characteristics.
=650  \0$aFolklore and nationalism.
=655  \7$aElectronic books. $2local
=700  1\$aCall, Diane.
=700  1\$aRudy, Jill Terry,$d1963-
=710  2\$aProject Muse.$edistributor
=830  \0$aBook collections on Project MUSE.
=856  40$zFull text available: $uhttps://muse.jhu.edu/book/9290/
=945  \\$aProject MUSE - Archive Complete Foundation
=945  \\$aProject MUSE - Archive Global Cultural Studies Foundation

