=LDR  03576cam a22006254a 4500
=001  musev2_9291
=003  MdBmJHUP
=005  20241011045638.0
=006  m\\\\\o\\d\\\\\\\\
=007  cr||||||||nn|n
=008  040302s2004\\\\utu\\\\\o\\\\\\00\0\eng\d
=020  \\$a9780874215007
=020  \\$z9780874215823
=035  \\$a(OCoLC)476039932
=040  \\$aMdBmJHUP$cMdBmJHUP
=100  1\$aSawin, Patricia.
=245  10$aListening For A Life : $bA Dialogic Ethnography of Bessie Eldreth through Her Songs and Stories / $cPatricia Sawin.
=264  \1$aLogan :$bUtah State University Press,$c2004.
=264  \3$aBaltimore, Md. :$bProject MUSE, $c2012
=264  \4$c&copy;2004.
=300  \\$a1 online resource (288 pages).
=336  \\$atext$btxt$2rdacontent
=337  \\$acomputer$bc$2rdamedia
=338  \\$aonline resource$bcr$2rdacarrier
=505  0\$aIntroduction : dialogism and subjectivity -- "That was before I ever left home" : complex accounts of a simple childhood -- "If you had to work as hard as I did, it would kill you" : work, narrative, and self-definition -- "I said, 'don't you do it'" : tracing development as an empowered speaker through reported speech in narrative -- "He never did say anything about my dreams that would worry me after that" : negotiating gender and power in ghost stories -- "I'm a bad one to go pulling jokes on people" : practical joking as a problematic vehicle for oppositional self-definition -- "My singing is my life" : repertoire and performance -- Epilogue.
=506  0\$aOpen Access$fUnrestricted online access$2star
=520  \\$aIn one sense a folklorist's portrayal of a notable folk artist's life and art, Listening for a Life is equally a rethinking of the processes involved in such work, not only in how the folklorist conveys her subject but in how her subject constitutes and performs herself into being through dialogue with others: those present, those once present, those imagined and anticipated. Drawing on Bahktinian and feminist theory, Sawin pushes forward our understanding of the interactive roles of ethnographer and subject and in the process gives us a deeper understanding of folk singer and st.
=546  \\$aEnglish.
=588  \\$aDescription based on print version record.
=600  17$aEldreth, Bessie Mae,$d1913-$2fast$1https://id.oclc.org/worldcat/entity/E39PBJgMFdtb4GMK3yPmh6QTHC
=600  11$aEldreth, Bessie Mae,$d1913-
=600  11$aEldreth, Bessie Mae,$d1913-$vInterviews.
=600  10$aEldreth, Bessie Mae,$d1913-$vInterviews.
=600  10$aEldreth, Bessie Mae,$d1913-
=650  \7$aWomen storytellers$2fast
=650  \7$aWomen folklorists$2fast
=650  \7$aManners and customs$2fast
=650  \7$aFolklore$2fast
=650  \7$aFolk singers$2fast
=650  \7$aFolk music$2fast
=650  \0$aFolk music$zAppalachian Region.
=650  \0$aFolklore$zAppalachian Region.
=650  \0$aFolk singers$zAppalachian Region$vBiography.
=650  \0$aWomen storytellers$zAppalachian Region$vBiography.
=650  \0$aWomen folklorists$zAppalachian Region$vBiography.
=651  \7$aAppalachian Region$2fast
=651  \0$aAppalachian Region$xSocial life and customs.
=655  \7$aInterviews$2fast
=655  \7$aBiographies$2fast
=655  \7$aElectronic books. $2local
=710  2\$aProject Muse.$edistributor
=830  \0$aBook collections on Project MUSE.
=856  40$zFull text available: $uhttps://muse.jhu.edu/book/9291/
=945  \\$aProject MUSE - Archive Complete Foundation
=945  \\$aProject MUSE - Archive US Regional Studies, West Foundation

