=LDR  03589cam a22004694a 4500
=001  musev2_9292
=003  MdBmJHUP
=005  20241011045639.0
=006  m\\\\\o\\d\\\\\\\\
=007  cr||||||||nn|n
=008  051108s2006\\\\utu\\\\\o\\\\\\00\0\eng\d
=010  \\$z  2005031304
=020  \\$a9780874215366
=020  \\$z9780874216325
=035  \\$a(OCoLC)71214678
=040  \\$aMdBmJHUP$cMdBmJHUP
=050  04$aPE1404$b.M33 2006
=082  0\$a808/.042076$222
=245  00$aMachine Scoring of Student Essays : $bTruth and Consequences / $cedited by Patricia Freitag Ericsson and Richard H. Haswell.
=264  \1$aLogan :$bUtah State University Press,$c2006.
=264  \3$aBaltimore, Md. :$bProject MUSE, $c2012
=264  \4$c&copy;2006.
=300  \\$a1 online resource (274 pages).
=336  \\$atext$btxt$2rdacontent
=337  \\$acomputer$bc$2rdamedia
=338  \\$aonline resource$bcr$2rdacarrier
=504  \\$aIncludes bibliographical references and index.
=505  0\$aIntroduction / Patricia Freitag Ericsson and Richard H. Haswell -- Interested complicities : the dialectic of computer-assisted writing assessment / Ken S. McAllister and Edward M. White -- The meaning of meaning : is a paragraph more than an equation? / Patricia Freitag Ericsson -- Can't touch this : reflections on the servitude of computers as readers / Chris M. Anson -- Automatons and automated scoring : drudges and black boxes, and dei ex machina / Richard H. Haswell -- Taking a spin on the intelligent essay assessor / Tim McGee -- ACCUPLACER's essay-scoring technology : when reliability does not equal validity / Edmund Jones -- WritePlacer Plus in place : an exploratory case study / Anne Herrington and Charles Moran -- E-Write as a means for placement into three composition courses : a pilot study / Richard N. Matzen Jr. and Colleen Sorensen -- Computerized writing assessment : community college faculty find reasons to say "Not yet" / William W. Ziegler -- Piloting the COMPASS E-Write software at Jackson State Community College / Teri T. Maddox -- The role of the writing coordinator in a culture of placement by ACCUPLACER / Gail S. Corso -- Always already : automated essay scoring and grammar-checkers in college writing courses / Carl Whithaus -- Automated essay grading in the sociology classroom : finding common ground / Edward Brent and Martha Townsend -- Automated writing instruction : computer-assisted or computer-driven pedagogies? / Beth Ann Rothermel -- Why less is not more : what we lose by letting a computer score writing samples / William Condon -- More work for teachers? possible futures of teaching writing in the age of computerized writing assessment / Bob Broad -- A bibliography of machine scoring of student writing, 1962-2005 / Richard H. Haswell.
=506  0\$aOpen Access$fUnrestricted online access$2star
=588  \\$aDescription based on print version record.
=650  \0$aEducational tests and measurements$xData processing.
=650  \0$aGrading and marking (Students)$xData processing.
=650  \0$aReport writing$xStudy and teaching (Higher)$xEvaluation.
=650  \0$aEnglish language$xRhetoric$xStudy and teaching$xEvaluation.
=655  \7$aElectronic books. $2local
=700  1\$aHaswell, Richard H.
=700  1\$aEricsson, Patricia Freitag,$d1950-
=710  2\$aProject Muse.$edistributor
=830  \0$aBook collections on Project MUSE.
=856  40$zFull text available: $uhttps://muse.jhu.edu/book/9292/
=945  \\$aProject MUSE - Archive Complete Foundation
=945  \\$aProject MUSE - Archive Higher Education Foundation

