=LDR  01674cam a22004574a 4500
=001  musev2_9293
=003  MdBmJHUP
=005  20241011045639.0
=006  m\\\\\o\\d\\\\\\\\
=007  cr||||||||nn|n
=008  050826s2006\\\\utu\\\\\o\\\\\\00\0\eng\d
=010  \\$z  2005024616
=020  \\$a9780874215335
=020  \\$z9780874216295
=035  \\$a(OCoLC)71214652
=040  \\$aMdBmJHUP$cMdBmJHUP
=050  04$aPE1404$b.B498 2006
=082  0\$a808/.042/071$222
=100  1\$aBishop, Wendy,$d1953-
=245  10$aKeywords in Creative Writing / $cWendy Bishop, David Starkey.
=264  \1$aLogan :$bUtah State University Press,$c2006.
=264  \3$aBaltimore, Md. :$bProject MUSE, $c2012
=264  \4$c&copy;2006.
=300  \\$a1 online resource (235 pages).
=336  \\$atext$btxt$2rdacontent
=337  \\$acomputer$bc$2rdamedia
=338  \\$aonline resource$bcr$2rdacarrier
=504  \\$aIncludes bibliographical references (p. [207]-219).
=506  0\$aOpen Access$fUnrestricted online access$2star
=588  \\$aDescription based on print version record.
=650  \0$aCreative writing$xTerminology.
=650  \0$aEnglish language$xRhetoric$xTerminology.
=650  \0$aCreative writing$xStudy and teaching$xTerminology.
=650  \0$aEnglish language$xRhetoric$xStudy and teaching$xTerminology.
=655  \7$aElectronic books. $2local
=700  1\$aStarkey, David,$d1962-
=710  2\$aProject Muse.$edistributor
=830  \0$aBook collections on Project MUSE.
=856  40$zFull text available: $uhttps://muse.jhu.edu/book/9293/
=945  \\$aProject MUSE - Archive Complete Foundation
=945  \\$aProject MUSE - Archive Higher Education Foundation

