=LDR  02949cam a22005534a 4500
=001  musev2_9294
=003  MdBmJHUP
=005  20241011045640.0
=006  m\\\\\o\\d\\\\\\\\
=007  cr||||||||nn|n
=008  050215s2005\\\\utu\\\\\o\\\\\\00\0\eng\d
=010  \\$z  2005004399
=020  \\$a9780874215267
=020  \\$z9780874216080
=035  \\$a(OCoLC)62425165
=040  \\$aMdBmJHUP$cMdBmJHUP
=043  \\$an-us---$an-us-il
=050  04$aBX8695.S6$bW49 2005
=082  0\$a289.3/73/09034$222
=100  1\$aWicks, Robert Sigfrid,$d1954-
=245  10$aJunius And Joseph : $bPresidential Politics and the Assassination of the First Mormon Prophet / $cRobert S. Wicks and Fred R. Foister.
=264  \1$aLogan, Utah :$bUtah State University Press,$c2005.
=264  \3$aBaltimore, Md. :$bProject MUSE, $c2012
=264  \4$c&copy;2005.
=300  \\$a1 online resource (328 pages): $bill. maps, ;
=336  \\$atext$btxt$2rdacontent
=337  \\$acomputer$bc$2rdamedia
=338  \\$aonline resource$bcr$2rdacarrier
=504  \\$aIncludes bibliographical references (p. 294-306) and index.
=505  0\$aNew World Eden : the promise of America in late Jacksonian politics -- "Clear the way for Henry Clay" -- "To save the district for the Whigs" -- "Nauvoo is no place for rational people" -- The third party -- "Missourians seem determined not to let us alone" -- The candidate -- Thy kingdom come-- in Texas -- Two conventions -- What will be the end of things? -- Retributive justice -- Gentlemen of undoubted veracity -- Carthage -- Distance lent enchantment to the view -- The kingdom delayed -- "Bound by common guilt and danger to commit almost any act to save them from infamy" -- Wolf hunts -- The campaign continues -- "To avenge the blood that stains the walls of Carthage jail" -- How wide the conspiracy?
=506  0\$aOpen Access$fUnrestricted online access$2star
=588  \\$aDescription based on print version record.
=600  10$aSmith, Joseph,$d1805-1844$xAssassination.
=600  10$aSmith, Joseph,$d1805-1844.
=650  \0$aMormonism$xPolitical aspects$zUnited States$xHistory$y19th century.
=650  \0$aMormon Church$zUnited States$xPolitical activity$xHistory$y19th century.
=650  \0$aPresidents$zUnited States$xElection$y1844.
=650  \0$aMormons$zUnited States$vBiography.
=650  \0$aPresidential candidates$zUnited States$vBiography.
=651  \0$aIllinois$xPolitics and government$yTo 1865.
=651  \0$aUnited States$xPolitics and government$y1841-1845.
=610  20$aWhig Party (U.S.)$xHistory$y19th century.
=655  \7$aElectronic books. $2local
=700  1\$aFoister, Fred R.,$d1947-
=710  2\$aProject Muse.$edistributor
=830  \0$aBook collections on Project MUSE.
=856  40$zFull text available: $uhttps://muse.jhu.edu/book/9294/
=945  \\$aProject MUSE - Archive Complete Foundation
=945  \\$aProject MUSE - Archive US Regional Studies, West Foundation

