=LDR  02947cam a22004454a 4500
=001  musev2_9295
=003  MdBmJHUP
=005  20241011045640.0
=006  m\\\\\o\\d\\\\\\\\
=007  cr||||||||nn|n
=008  060629s2006\\\\utu\\\\\o\\\\\\00\0\eng\d
=010  \\$z  2006021376
=020  \\$a9780874215465
=020  \\$z9780874216493
=035  \\$a(OCoLC)123568163
=040  \\$aMdBmJHUP$cMdBmJHUP
=043  \\$an-us---
=050  04$aLC151$b.I34 2006
=082  0\$a808/.042$222
=245  00$aIdentity Papers : $bLiteracy and Power in Higher Education / $cedited by Bronwyn T. Williams.
=264  \1$aLogan, UT :$bUtah State University Press,$c2006.
=264  \3$aBaltimore, Md. :$bProject MUSE, $c2012
=264  \4$c&copy;2006.
=300  \\$a1 online resource (220 pages): $bill. ;
=336  \\$atext$btxt$2rdacontent
=337  \\$acomputer$bc$2rdamedia
=338  \\$aonline resource$bcr$2rdacarrier
=504  \\$aIncludes bibliographical references (p. [196]-206) and index.
=505  0\$aIntroduction: literacy, power, and the shaping of identity / Bronwyn T. Williams -- Institutions and struggles for identity -- Social class as discourse: the construction of subjectivities in English / James Zebroski -- Excellence is the name of the (ideological) game / Patricia Harkin -- The feminist WPA project: fear and possibility in the feminist "home" / Shannon Carter -- When "MS. Mentor" misses the mark: literacy and lesbian identity in the academy / Tara Pauliny -- Identity in the composition classroom -- She toiled for a living: writing lives and identities of older female students / Mary Hallet -- Literacy, identity, and the "successful" student writer / William Carpenter and Bianca Falbo -- Speaking from the borderlands: exploring narratives of teacher identity / Janet Alsup -- "Who are they and what do they have to do with what i want to be?" the writing of multicultural identity and college success stories for first-year writers / James R. Ottery -- Identity outside the institutional walls -- Migratory and regional identity / Robert Brooke -- Some trouble with discourses: what conflicts between subjects and ethnographers tell us about what students don't/won't/can't say / Sally Chandler -- Composing (identity) in a posttraumatic age / Lynn Worsham -- Conclusion: working bodies: class matters in college composition / Min-zhan Lu.
=506  0\$aOpen Access$fUnrestricted online access$2star
=588  \\$aDescription based on print version record.
=650  \0$aEducation, Higher$zUnited States.
=650  \0$aLiteracy$xSocial aspects$zUnited States.
=655  \7$aElectronic books. $2local
=700  1\$aWilliams, Bronwyn T.
=710  2\$aProject Muse.$edistributor
=830  \0$aBook collections on Project MUSE.
=856  40$zFull text available: $uhttps://muse.jhu.edu/book/9295/
=945  \\$aProject MUSE - Archive Complete Foundation
=945  \\$aProject MUSE - Archive Higher Education Foundation

