=LDR  01628cam a22004334a 4500
=001  musev2_9296
=003  MdBmJHUP
=005  20241011045641.0
=006  m\\\\\o\\d\\\\\\\\
=007  cr||||||||nn|n
=008  030925s2004\\\\utu\\\\\o\\\\\\00\0\eng\d
=010  \\$z  2003021185
=020  \\$a9780874214925
=020  \\$z9780874215748
=035  \\$a(OCoLC)646825651
=040  \\$aMdBmJHUP$cMdBmJHUP
=050  04$aT10.5$b.I518 2004
=082  0\$a601/.4$222
=245  00$aInnovative Approaches to Teaching Technical Communication / $cedited by Tracy Bridgeford, Karla Saari Kitalong, Dickie Selfe.
=264  \1$aLogan :$bUtah State University Press,$c2004.
=264  \3$aBaltimore, Md. :$bProject MUSE, $c2012
=264  \4$c&copy;2004.
=300  \\$a1 online resource (368 pages): $bill. ;
=336  \\$atext$btxt$2rdacontent
=337  \\$acomputer$bc$2rdamedia
=338  \\$aonline resource$bcr$2rdacarrier
=504  \\$aIncludes bibliographical references (p. [336]-351) and index.
=506  0\$aOpen Access$fUnrestricted online access$2star
=588  \\$aDescription based on print version record.
=650  \0$aCommunication of technical information$xStudy and teaching.
=655  \7$aElectronic books. $2local
=700  1\$aSelfe, Dickie,$d1951-
=700  1\$aKitalong, Karla Saari,$d1952-
=700  1\$aBridgeford, Tracy,$d1960-
=710  2\$aProject Muse.$edistributor
=830  \0$aBook collections on Project MUSE.
=856  40$zFull text available: $uhttps://muse.jhu.edu/book/9296/
=945  \\$aProject MUSE - Archive Complete Foundation
=945  \\$aProject MUSE - Archive Higher Education Foundation

