=LDR  01662cam a22004574a 4500
=001  musev2_9298
=003  MdBmJHUP
=005  20241011045644.0
=006  m\\\\\o\\d\\\\\\\\
=007  cr||||||||nn|n
=008  041220s2005\\\\utu\\\\\o\\\\\\00\0\eng\d
=010  \\$z  2004029562
=020  \\$a9780874215083
=020  \\$z9780874216035
=035  \\$a(OCoLC)62266085
=040  \\$aMdBmJHUP$cMdBmJHUP
=043  \\$an-usp--
=050  04$aGV776.W3$bN48 2005
=082  0\$a797.122/092$aB$222
=100  1\$aNevills, Norman D.,$d1908-1949.
=245  10$aHigh Wide And Handsome : $bThe River Journals of Norman D. Nevills / $cedited by Roy Webb ; with a foreword by Brad Dimock.
=264  \1$aLogan, Utah :$bUtah State University Press,$c2005.
=264  \3$aBaltimore, Md. :$bProject MUSE, $c2012
=264  \4$c&copy;2005.
=300  \\$a1 online resource (320 pages): $bill. ;
=336  \\$atext$btxt$2rdacontent
=337  \\$acomputer$bc$2rdamedia
=338  \\$aonline resource$bcr$2rdacarrier
=504  \\$aIncludes bibliographical references and index.
=506  0\$aOpen Access$fUnrestricted online access$2star
=588  \\$aDescription based on print version record.
=650  \0$aRivers$zWest (U.S.)
=650  \0$aWhite-water canoeing$zWest (U.S.)
=600  10$aNevills, Norman D.$vDiaries.
=655  \7$aElectronic books. $2local
=700  1\$aWebb, Roy.
=710  2\$aProject Muse.$edistributor
=830  \0$aBook collections on Project MUSE.
=856  40$zFull text available: $uhttps://muse.jhu.edu/book/9298/
=945  \\$aProject MUSE - Archive Complete Foundation
=945  \\$aProject MUSE - Archive US Regional Studies, West Foundation

