=LDR  01630cam a22004454a 4500
=001  musev2_9299
=003  MdBmJHUP
=005  20241011045644.0
=006  m\\\\\o\\d\\\\\\\\
=007  cr||||||||nn|n
=008  040924s2005\\\\utu\\\\\o\\\\\\00\0\eng\d
=010  \\$z  2004022132
=020  \\$a9780874215045
=020  \\$z9780874216004
=035  \\$a(OCoLC)62266057
=040  \\$aMdBmJHUP$cMdBmJHUP
=050  04$aPE1404$b.G398 2005
=082  0\$a808/.042/071$222
=245  00$aGenre Across The Curriculum / $cedited by Anne Herrington, Charles Moran.
=264  \1$aLogan, Utah :$bUtah State University Press,$c2005.
=264  \3$aBaltimore, Md. :$bProject MUSE, $c2012
=264  \4$c&copy;2005.
=300  \\$a1 online resource (280 pages).
=336  \\$atext$btxt$2rdacontent
=337  \\$acomputer$bc$2rdamedia
=338  \\$aonline resource$bcr$2rdacarrier
=504  \\$aIncludes bibliographical references (p. 254-267) and index.
=506  0\$aOpen Access$fUnrestricted online access$2star
=588  \\$aDescription based on print version record.
=650  \0$aAcademic writing$xStudy and teaching.
=650  \0$aInterdisciplinary approach in education.
=650  \0$aEnglish language$xRhetoric$xStudy and teaching.
=655  \7$aElectronic books. $2local
=700  1\$aMoran, Charles,$d1936-
=700  1\$aHerrington, Anne,$d1948-
=710  2\$aProject Muse.$edistributor
=830  \0$aBook collections on Project MUSE.
=856  40$zFull text available: $uhttps://muse.jhu.edu/book/9299/
=945  \\$aProject MUSE - Archive Complete Foundation
=945  \\$aProject MUSE - Archive Higher Education Foundation

