=LDR  01660cam a22004454a 4500
=001  musev2_9300
=003  MdBmJHUP
=005  20241011045645.0
=006  m\\\\\o\\d\\\\\\\\
=007  cr||||||||nn|n
=008  021106s2003\\\\utu\\\\\o\\\\\\00\0\eng\d
=010  \\$z  2002153375
=020  \\$a9780874214765
=020  \\$z9780874215540
=035  \\$a(OCoLC)53924546
=040  \\$aMdBmJHUP$cMdBmJHUP
=050  04$aPE1404$b.B34 2003
=082  0\$a808/.02$221
=100  1\$aBawarshi, Anis S.
=245  10$aGenre And The Invention Of The Writer : $bReconsidering the Place of Invention in Composition / $cAnis S. Bawarshi.
=264  \1$aLogan, Utah :$bUtah State University Press,$c2003.
=264  \3$aBaltimore, Md. :$bProject MUSE, $c2012
=264  \4$c&copy;2003.
=300  \\$a1 online resource (220 pages).
=336  \\$atext$btxt$2rdacontent
=337  \\$acomputer$bc$2rdamedia
=338  \\$aonline resource$bcr$2rdacarrier
=504  \\$aIncludes bibliographical references (p. [186]-202) and index.
=506  0\$aOpen Access$fUnrestricted online access$2star
=588  \\$aDescription based on print version record.
=650  \0$aLiterary form.
=650  \0$aInvention (Rhetoric)
=650  \0$aEnglish language$xComposition and exercises$xStudy and teaching.
=650  \0$aEnglish language$xRhetoric$xStudy and teaching.
=655  \7$aElectronic books. $2local
=710  2\$aProject Muse.$edistributor
=830  \0$aBook collections on Project MUSE.
=856  40$zFull text available: $uhttps://muse.jhu.edu/book/9300/
=945  \\$aProject MUSE - Archive Complete Foundation
=945  \\$aProject MUSE - Archive Higher Education Foundation

