=LDR  01633cam a22004814a 4500
=001  musev2_9301
=003  MdBmJHUP
=005  20241011045646.0
=006  m\\\\\o\\d\\\\\\\\
=007  cr||||||||nn|n
=008  050509s2005\\\\utu\\\\\o\\\\\\00\0\eng\d
=010  \\$z  2005013371
=020  \\$a9780874215137
=020  \\$z9780874216158
=035  \\$a(OCoLC)62425183
=040  \\$aMdBmJHUP$cMdBmJHUP
=043  \\$an-us-ca
=050  04$aPS3623.I6625$bH43 2005
=082  0\$a813/.6$222
=100  1\$aWingfield, Andrew,$d1966-
=245  10$aHear Him Roar : $bA Novel / $cAndrew Wingfield.
=264  \1$aLogan :$bUtah State University Press,$c2005.
=264  \3$aBaltimore, Md. :$bProject MUSE, $c2012
=264  \4$c&copy;2005.
=300  \\$a1 online resource (237 pages).
=336  \\$atext$btxt$2rdacontent
=337  \\$acomputer$bc$2rdamedia
=338  \\$aonline resource$bcr$2rdacarrier
=506  0\$aOpen Access$fUnrestricted online access$2star
=588  \\$aDescription based on print version record.
=650  \0$aPuma$vFiction.
=650  \0$aBiologists$vFiction.
=650  \0$aMidlife crisis$vFiction.
=650  \0$aWildlife management$vFiction.
=651  \0$aCalifornia$vFiction.
=655  \7$aSuspense fiction.$2gsafd
=655  \7$aPsychological fiction.$2lcsh
=655  \7$aElectronic books. $2local
=710  2\$aProject Muse.$edistributor
=830  \0$aBook collections on Project MUSE.
=856  40$zFull text available: $uhttps://muse.jhu.edu/book/9301/
=945  \\$aProject MUSE - Archive Complete Foundation
=945  \\$aProject MUSE - Archive Poetry, Fiction and Creative Non-Fiction Foundation

