=LDR  02565cam a22004454a 4500
=001  musev2_9302
=003  MdBmJHUP
=005  20241011045646.0
=006  m\\\\\o\\d\\\\\\\\
=007  cr||||||||nn|n
=008  060619s2006\\\\utu\\\\\o\\\\\\00\0\eng\d
=010  \\$z  2006020257
=020  \\$a9780874215441
=020  \\$z9780874216394
=035  \\$a(OCoLC)71281683
=040  \\$aMdBmJHUP$cMdBmJHUP
=043  \\$an-us-ut
=050  04$aTN24.U8$bF76 2006
=082  0\$a338.209792$222
=245  00$aFrom the Ground Up : $bA History of Mining in Utah / $cedited by Colleen Whitley ; foreword by Philip F. Notarianni.
=264  \1$aLogan, UT :$bUtah State University Press,$c2006.
=264  \3$aBaltimore, Md. :$bProject MUSE, $c2012
=264  \4$c&copy;2006.
=300  \\$a1 online resource (508 pages): $bill., maps (some col.) ;
=336  \\$atext$btxt$2rdacontent
=337  \\$acomputer$bc$2rdamedia
=338  \\$aonline resource$bcr$2rdacarrier
=504  \\$aIncludes bibliographical references (p. 456-482) and index.
=505  0\$aI. The ground of Utah mining. Geology and Utah's mineral treasures / William T. Parry -- Generating wealth from the earth, 1847-2000 / Thomas G. Alexander -- General Patrick Edward Conner, father of Utah mining / Brigham D. Madsen -- The stories they tell / Carma Wadley -- II. Some mineral industries. Saline minerals / J. Wallace Gwynn -- Coal industry / Allan Kent Powell -- Uranium boom / Raye C. Ringholz -- Beryllium mining / Debra Wagner -- III. Major mining regions. Iron County / Janet Burton Seegmiller -- Bingham Canyon / Bruce D. Whitehead and Robert E. Rampton -- Silver Reef and southwestern Utah's shifting frontier / W. Paul Reeve -- Alta, the Cottonwoods, and American Fork / Laurence P. James and James E. Fell, Jr. -- Park City / Hal Compton and David Hampshire -- Tintic Mining District / Philip F. Notarianni -- San Francisco Mining District / Martha Sonntag Bradley-Evans -- Uinta Basin / John Barton.
=506  0\$aOpen Access$fUnrestricted online access$2star
=588  \\$aDescription based on print version record.
=650  \0$aMining engineering$zUtah$xHistory.
=650  \0$aMines and mineral resources$zUtah$xHistory.
=655  \7$aElectronic books. $2local
=700  1\$aWhitley, Colleen,$d1940-
=710  2\$aProject Muse.$edistributor
=830  \0$aBook collections on Project MUSE.
=856  40$zFull text available: $uhttps://muse.jhu.edu/book/9302/
=945  \\$aProject MUSE - Archive Complete Foundation
=945  \\$aProject MUSE - Archive US Regional Studies, West Foundation

