=LDR  02752cam a22004814a 4500
=001  musev2_9303
=003  MdBmJHUP
=005  20241011045647.0
=006  m\\\\\o\\d\\\\\\\\
=007  cr||||||||nn|n
=008  051203s2005\\\\utu\\\\\o\\\\\\00\0\eng\d
=020  \\$a9780874215212
=020  \\$z9780874216202
=035  \\$a(OCoLC)62425174
=040  \\$aMdBmJHUP$cMdBmJHUP
=100  1\$aDethier, Brock,$eauthor.
=245  10$aFirst Time Up : $bAn Insider'S Guide For New Composition Teachers / $cBrock Dethier.
=264  \1$aLogan :$bUtah State University Press,$c2005.
=264  \3$aBaltimore, Md. :$bProject MUSE, $c2012
=264  \4$c&copy;2005.
=300  \\$a1 online resource (220 pages).
=336  \\$atext$btxt$2rdacontent
=337  \\$acomputer$bc$2rdamedia
=338  \\$aonline resource$bcr$2rdacarrier
=505  0\$aWhy you've made the right choice -- Preparing -- Resources -- The first day -- Grading, attendance, and other pains-in-the-butt -- What you should know about theory (for now) -- Confident and humble, and other contradictions we live by -- Avoiding stress -- Nightmares -- Outside the classroom -- Building your future.
=506  0\$aOpen Access$fUnrestricted online access$2star
=520  \\$a""First time up?""--An insider's friendly question from 1960s counter-culture-perfectly captures the spirit of this book. A short, supportive, practical guide for the first-time college composition instructor, the book is upbeat, wise but friendly, casual but knowledgeable (like the voice that may have introduced you to certain other firsts). With an experiential focus rather than a theoretical one, First Time Up will be a strong addition to the newcomer's professional library, and a great candidate for the TA practicum reading list. Dethier, author of The Composition Instru
=546  \\$aEnglish.
=588  \\$aDescription based on print version record.
=650  \7$aReport writing$xStudy and teaching (Higher)$2fast
=650  \7$aEnglish language$xRhetoric$xStudy and teaching$2fast
=650  \7$aEDUCATION$xTeaching Methods & Materials$xArts & Humanities.$2bisacsh
=650  \7$aLANGUAGE ARTS & DISCIPLINES$xComposition & Creative Writing.$2bisacsh
=650  \7$aREFERENCE$xWriting Skills.$2bisacsh
=650  \7$aLANGUAGE ARTS & DISCIPLINES$xRhetoric.$2bisacsh
=650  \0$aReport writing$xStudy and teaching (Higher)
=650  \0$aEnglish language$xRhetoric$xStudy and teaching.
=655  \7$aElectronic books. $2local
=710  2\$aProject Muse.$edistributor
=830  \0$aBook collections on Project MUSE.
=856  40$zFull text available: $uhttps://muse.jhu.edu/book/9303/
=945  \\$aProject MUSE - Archive Complete Foundation
=945  \\$aProject MUSE - Archive Higher Education Foundation

