=LDR  02987cam a22005654a 4500
=001  musev2_9304
=003  MdBmJHUP
=005  20241011045648.0
=006  m\\\\\o\\d\\\\\\\\
=007  cr||||||||nn|n
=008  031208s2004\\\\utu\\\\\o\\\\\\00\0\eng\d
=010  \\$z  2003026212
=020  \\$a9780874214956
=020  \\$z9780874215519
=035  \\$a(OCoLC)437176716
=040  \\$aMdBmJHUP$cMdBmJHUP
=043  \\$an-usp--
=050  04$aPS153.M66$bB87 2004
=082  0\$a810.9/9287$aB$222
=100  1\$aBush, Laura L.,$d1963-
=245  10$aFaithful Transgressions In The American West : $bSix Twentieth-Century Mormon Women's Autobiographical Acts / $cLaura L. Bush.
=264  \1$aLogan :$bUtah State University Press,$c2004.
=264  \3$aBaltimore, Md. :$bProject MUSE, $c2012
=264  \4$c&copy;2004.
=300  \\$a1 online resource (262 pages).
=336  \\$atext$btxt$2rdacontent
=337  \\$acomputer$bc$2rdamedia
=338  \\$aonline resource$bcr$2rdacarrier
=504  \\$aIncludes bibliographical references (p. 228-236) and index.
=505  0\$aNarrating optimism, faith, and divine intervention : Mary Ann Hafen, recollections of a handcart pioneer of 1860 : a woman's life on the Mormon frontier -- Defending and condemning a polygamous life : Annie Clark Tanner, a Mormon mother -- Truth telling about a temporal and a spiritual life : Juanita Brooks, quicksand and cactus : a memoir of the southern Mormon frontier -- Remedying race and religious prejudice : Wynetta Willis Martin, Black Mormon tells her story -- A home windswept with paradox : Terry Tempest Williams, refuge : an unnatural history of family and place -- Training to be a good Mormon girl while longing for fame : Phyllis Barber, how I got cultured : a Nevada memoir.
=506  0\$aOpen Access$fUnrestricted online access$2star
=588  \\$aDescription based on print version record.
=650  \0$aAutobiography$xWomen authors.
=650  \0$aAutobiography$xMormon authors.
=650  \0$aWomen and literature$zWest (U.S.)
=650  \0$aWomen$zWest (U.S.)$xIntellectual life.
=650  \0$aMormon women$xBiography$xHistory and criticism.
=650  \0$aWomen pioneers$xBiography$xHistory and criticism.
=650  \0$aWomen authors, American$xHomes and haunts$zWest (U.S.)
=650  \0$aWomen authors, American$xBiography$xHistory and criticism.
=650  \0$aAmerican prose literature$zWest (U.S.)$xHistory and criticism.
=650  \0$aAmerican prose literature$xWomen authors$xHistory and criticism.
=650  \0$aAmerican prose literature$xMormon authors$xHistory and criticism.
=651  \0$aWest (U.S.)$xBiography$xHistory and criticism.
=655  \7$aElectronic books. $2local
=710  2\$aProject Muse.$edistributor
=830  \0$aBook collections on Project MUSE.
=856  40$zFull text available: $uhttps://muse.jhu.edu/book/9304/
=945  \\$aProject MUSE - Archive Complete Foundation
=945  \\$aProject MUSE - Archive US Regional Studies, West Foundation

