=LDR  01719cam a22004574a 4500
=001  musev2_9305
=003  MdBmJHUP
=005  20241011045648.0
=006  m\\\\\o\\d\\\\\\\\
=007  cr||||||||nn|n
=008  050519s2005\\\\utu\\\\\o\\\\\\00\0\eng\d
=010  \\$z  2005014248
=020  \\$a9780874215205
=020  \\$z9780874216172
=035  \\$a(OCoLC)62425184
=040  \\$aMdBmJHUP$cMdBmJHUP
=050  04$aPE1404$b.D576 2005
=082  0\$a808/.042/0711$222
=245  00$aDiscord And Direction : $bThe Postmodern Writing Program Administrator / $cedited by Sharon James McGee, Carolyn Handa.
=264  \1$aLogan :$bUtah State University Press,$c2005.
=264  \3$aBaltimore, Md. :$bProject MUSE, $c2012
=264  \4$c&copy;2005.
=300  \\$a1 online resource (232 pages): $bill. ;
=336  \\$atext$btxt$2rdacontent
=337  \\$acomputer$bc$2rdamedia
=338  \\$aonline resource$bcr$2rdacarrier
=504  \\$aIncludes bibliographical references (p. 207-217) and index.
=506  0\$aOpen Access$fUnrestricted online access$2star
=588  \\$aDescription based on print version record.
=650  \0$aWriting centers$xAdministration.
=650  \0$aPostmodernism and higher education.
=650  \0$aReport writing$xStudy and teaching (Higher)
=650  \0$aEnglish language$xRhetoric$xStudy and teaching.
=655  \7$aElectronic books. $2local
=700  1\$aHanda, Carolyn.
=700  1\$aMcGee, Sharon James.
=710  2\$aProject Muse.$edistributor
=830  \0$aBook collections on Project MUSE.
=856  40$zFull text available: $uhttps://muse.jhu.edu/book/9305/
=945  \\$aProject MUSE - Archive Complete Foundation
=945  \\$aProject MUSE - Archive Higher Education Foundation

