=LDR  01974cam a22004574a 4500
=001  musev2_9307
=003  MdBmJHUP
=005  20241011045649.0
=006  m\\\\\o\\d\\\\\\\\
=007  cr||||||||nn|n
=008  040427s2004\\\\utu\\\\\o\\\\\\00\0\eng\d
=010  \\$z  2004009752
=020  \\$a9780874214826
=020  \\$z9780874215854
=035  \\$a(OCoLC)62286647
=040  \\$aMdBmJHUP$cMdBmJHUP
=050  04$aLB1631$b.L96 2004
=082  0\$a808/.042/0712$222
=100  1\$aLynne, Patricia,$d1964-
=245  10$aComing To Terms : $bA Theory of Writing Assessment / $cPatricia Lynne.
=264  \1$aLogan, Utah :$bUtah State University Press,$c2004.
=264  \3$aBaltimore, Md. :$bProject MUSE, $c2012
=264  \4$c&copy;2004.
=300  \\$a1 online resource (200 pages).
=336  \\$atext$btxt$2rdacontent
=337  \\$acomputer$bc$2rdamedia
=338  \\$aonline resource$bcr$2rdacarrier
=504  \\$aIncludes bibliographical references (p. [181]-189) and index.
=505  0\$aLarge-scale writing assessment practices and the influence of objectivity -- Contemporary literacy scholarship and the value of context -- Wrestling with positivism -- Theory under construction -- The politics of theorizing -- Theorizing writing assessment -- Theory in practice.
=506  0\$aOpen Access$fUnrestricted online access$2star
=588  \\$aDescription based on print version record.
=650  \0$aConstructivism (Education)
=650  \0$aEnglish language$xRhetoric$xEvaluation.
=650  \0$aEnglish language$xComposition and exercises$xStudy and teaching (Secondary)
=650  \0$aEnglish language$xComposition and exercises$xEvaluation.
=655  \7$aElectronic books. $2local
=710  2\$aProject Muse.$edistributor
=830  \0$aBook collections on Project MUSE.
=856  40$zFull text available: $uhttps://muse.jhu.edu/book/9307/
=945  \\$aProject MUSE - Archive Complete Foundation
=945  \\$aProject MUSE - Archive Higher Education Foundation

