=LDR  02739cam a22004694a 4500
=001  musev2_9308
=003  MdBmJHUP
=005  20241011045650.0
=006  m\\\\\o\\d\\\\\\\\
=007  cr||||||||nn|n
=008  030612s2003\\\\utu\\\\\o\\\\\\00\0\eng\d
=010  \\$z  2003012585
=020  \\$a9780874214840
=020  \\$z9780874215700
=035  \\$a(OCoLC)53924706
=040  \\$aMdBmJHUP$cMdBmJHUP
=050  04$aPE1404$b.C46 2003
=082  0\$a808/.042/0711$221
=245  04$aCenter Will Hold / $cedited by Michael A. Pemberton, Joyce Kinkead.
=264  \1$aLogan :$bUtah State University Press,$c2003.
=264  \3$aBaltimore, Md. :$bProject MUSE, $c2012
=264  \4$c&copy;2003.
=300  \\$a1 online resource (231 pages).
=336  \\$atext$btxt$2rdacontent
=337  \\$acomputer$bc$2rdamedia
=338  \\$aonline resource$bcr$2rdacarrier
=504  \\$aIncludes bibliographical references (p. [197]-210) and index.
=505  0\$aIntroduction : tracing the growth of a scholarly community / Michael A. Pemberton and Joyce Kinkead -- The writing lab newsletter as history : tracing the growth of a scholarly community / Michael A. Pemberton -- In the spirit of service : making writing center research a "featured character" / Nancy M. Grimm -- Writing center assessment : searching for the "proof" of our effectiveness / Neal Lerner -- Separation, initiation and return : tutor training manuals and writing center lore / Harvey Kail -- Power and authority in peer tutoring / Peter Carino -- Breathing lessons, or Collaboration is / Michele Eodice -- (Re) shaping the profession : graduate courses in writing center theory, practice, and administration / Rebecca Jackson, Carrie Leverenz, Joe Law -- Administration across the curriculum : or Practicing what we preach / Josephine A. Koster -- An ideal writing center : re-imagining space and design / Leslie Hadfield ... [et al.] -- Mentoring in electronic spaces : using resources to sustain relationships / James A. Inman and Donna M. Sewell.
=506  0\$aOpen Access$fUnrestricted online access$2star
=588  \\$aDescription based on print version record.
=650  \0$aWriting centers.
=650  \0$aInterdisciplinary approach in education.
=650  \0$aReport writing$xStudy and teaching (Higher)
=650  \0$aEnglish language$xRhetoric$xStudy and teaching.
=655  \7$aElectronic books. $2local
=700  1\$aKinkead, Joyce A.,$d1954-
=700  1\$aPemberton, Michael A.
=710  2\$aProject Muse.$edistributor
=830  \0$aBook collections on Project MUSE.
=856  40$zFull text available: $uhttps://muse.jhu.edu/book/9308/
=945  \\$aProject MUSE - Archive Complete Foundation
=945  \\$aProject MUSE - Archive Higher Education Foundation

