=LDR  02673cam a22004574a 4500
=001  musev2_9309
=003  MdBmJHUP
=005  20241011045651.0
=006  m\\\\\o\\d\\\\\\\\
=007  cr||||||||nn|n
=008  061004s2006\\\\utu\\\\\o\\\\\\00\0\eng\d
=010  \\$z  2006032514
=020  \\$a9780874215434
=020  \\$z9781607324867
=020  \\$z9780874216356
=035  \\$a(OCoLC)123565028
=040  \\$aMdBmJHUP$cMdBmJHUP
=050  04$aPS3537.W4786$bZ59 2006
=082  0\$a811/.54$222
=245  00$aBody My House : $bMay Swenson's Work and Life / $cedited by Paul Crumbley and Patricia M. Gantt.
=264  \1$aLogan, Utah :$bUtah State University Press,$c2006.
=264  \3$aBaltimore, Md. :$bProject MUSE, $c2012
=264  \4$c&copy;2006.
=300  \\$a1 online resource (262 pages): $bill. ;
=336  \\$atext$btxt$2rdacontent
=337  \\$acomputer$bc$2rdamedia
=338  \\$aonline resource$bcr$2rdacarrier
=504  \\$a"Bibliography of the works of May Swenson": p. 205-238.
=504  \\$aIncludes bibliographical references (p. 239-247) and index.
=505  0\$aIntroduction / Patricia M. Gantt -- May Swenson chronology / Paul Crumbley and Patricia M. Gantt -- The love poems and letters of May Swenson / R. R. Knudson -- A figure in the tapestry : the poet's feeling runs ahead of her imagination / Paul Swenson -- May Swenson : Whitman's daughter / Alicia Ostriker -- May Swenson and Elizabeth Bishop / Kirstin Hotelling Zona -- De-Cartesianizing the universe : May Swenson's design of wor(l)ds / Gudrun M. Grabher -- That never told CAN be : May Swenson's manuscript witnesses / Martha Nell Smith -- Material girl : May Swenson's logopoetic materialism / Cynthia Hogue -- May Swenson and other animals : her poetics of natural selection / Paul Crumbley -- How everything happens : notes on May Swenson's theory of writing / Michael Spooner -- The queer poetics of May Swenson / Suzanne Juhasz -- "Question" and more questions : two shells for May Swenson / Mark Doty -- Bibliography of the works of May Swenson / compiled by Alice Geffen ; introduced by Carole Berglie.
=506  0\$aOpen Access$fUnrestricted online access$2star
=588  \\$aDescription based on print version record.
=600  10$aSwenson, May$xCriticism and interpretation.
=655  \7$aElectronic books. $2local
=700  1\$aGantt, Patricia M.,$d1943-
=700  1\$aCrumbley, Paul,$d1952-
=710  2\$aProject Muse.$edistributor
=830  \0$aBook collections on Project MUSE.
=856  40$zFull text available: $uhttps://muse.jhu.edu/book/9309/
=945  \\$aProject MUSE - Archive Complete Foundation
=945  \\$aProject MUSE - Archive Literature Foundation

