=LDR  01887cam a22004934a 4500
=001  musev2_9310
=003  MdBmJHUP
=005  20241011045651.0
=006  m\\\\\o\\d\\\\\\\\
=007  cr||||||||nn|n
=008  060508s2006\\\\utu\\\\\o\\\\\\00\0\eng\d
=010  \\$z  2006015245
=020  \\$a9780874215427
=020  \\$z9780874216370
=035  \\$a(OCoLC)704350342
=040  \\$aMdBmJHUP$cMdBmJHUP
=043  \\$an-us-ut
=050  04$aE99.P2$bH65 2006
=082  0\$a979.2004/974576$222
=100  1\$aHolt, Ronald L.,$d1949-
=245  10$aBeneath These Red Cliffs : $bAn Ethnohistory of the Utah Paiutes / $cRonald L. Holt ; forewords by Floyd O'Neil and Lora Tom.
=250  \\$aNew and updated ed.
=264  \1$aLogan, UT :$bUtah State University Press,$c2006.
=264  \3$aBaltimore, Md. :$bProject MUSE, $c2012
=264  \4$c&copy;2006.
=300  \\$a1 online resource (222 pages): $bill., maps ;
=336  \\$atext$btxt$2rdacontent
=337  \\$acomputer$bc$2rdamedia
=338  \\$aonline resource$bcr$2rdacarrier
=504  \\$aIncludes bibliographical references (p. [165]-186) and index.
=506  0\$aOpen Access$fUnrestricted online access$2star
=588  \\$aDescription based on print version record.
=650  \0$aMormons$xSocial conditions.
=650  \0$aMormons$xHistory$vSources.
=650  \0$aPaiute Indians$xSocial conditions.
=650  \0$aPaiute Indians$xGovernment relations.
=650  \0$aPaiute Indians$xHistory$vSources.
=655  \7$aElectronic books. $2local
=710  2\$aProject Muse.$edistributor
=830  \0$aBook collections on Project MUSE.
=856  40$zFull text available: $uhttps://muse.jhu.edu/book/9310/
=945  \\$aProject MUSE - Archive Complete Foundation
=945  \\$aProject MUSE - Archive Archaeology and Anthropology Foundation
=945  \\$aProject MUSE - Archive Native American and Indigenous Studies Foundation

