=LDR  03385cam a22005414a 4500
=001  musev2_9311
=003  MdBmJHUP
=005  20241011045652.0
=006  m\\\\\o\\d\\\\\\\\
=007  cr||||||||nn|n
=008  050121s2005\\\\utu\\\\\o\\\\\\00\0\eng\d
=010  \\$z  2005001650
=020  \\$a9780874215236
=020  \\$z9780874216066
=035  \\$a(OCoLC)62425170
=040  \\$aMdBmJHUP$cMdBmJHUP
=043  \\$an-us-nm
=050  04$aE99.N3$bE93 2005
=082  0\$a979.1004/9726$222
=100  1\$aEvans, Will,$db. 1877.
=245  10$aAlong Navajo Trails : $bRecollections of a Trader 1898-1948 / $cby Will Evans ; edited by Susan E. Woods and Robert S. McPherson ; foreword by Charles S. Peterson.
=264  \1$aLogan :$bUtah State University Press,$c2005.
=264  \3$aBaltimore, Md. :$bProject MUSE, $c2012
=264  \4$c©2005.
=300  \\$a1 online resource (280 pages): $bill., map ;
=336  \\$atext$btxt$2rdacontent
=337  \\$acomputer$bc$2rdamedia
=338  \\$aonline resource$bcr$2rdacarrier
=504  \\$aIncludes bibliographical references (p. [242]-[258]) and index.
=505  0\$aWill Evans, trader to the Navajos -- Starting along the trail -- Views of history around the Four Corners -- Agapito remembers the old days -- Yellow Horse and the Long Walk -- The establishment of trading posts -- Harry Baldwin and the Hogback Post -- Redrock Trading Post -- Little Singer and the beautiful mountain uprising -- Prosperity in reverse -- Oil and gas on Navajo land -- A Christmas Eve in Navajo land -- Navajos I have known -- Costiano -- Black Horse -- Bizhóshí -- Ugly Man -- Fat One and Son of Fat One -- Faith, an episode -- Tragedies in Navajo land -- Sandoval -- Slim policeman -- A dedicated medicine man -- Dan Pete -- Daily life and customs of the Navajo people -- Daily life in a hogan -- Navajo hospitality -- Trading with the Navajos -- Navajo blankets -- Silversmithing -- Cleanliness, clothes, and manners -- Hairstyles -- Tobacco, alcohol, and morality -- Navajo marriage customs and family life -- Divorce -- Tribal traditions and lore -- Sandpaintings -- My first fire dance -- Squaw dance (enemyway) -- Death, witchcraft, and skinwalkers -- Navajos and animals -- Postscript: The death of a man, the end of an era.
=506  0\$aOpen Access$fUnrestricted online access$2star
=588  \\$aDescription based on print version record.
=650  \0$aIndian traders$zNew Mexico$zShiprock Region$xHistory.
=650  \0$aTrading posts$zNew Mexico$zShiprock Region$xHistory.
=650  \0$aNavajo weavers$zNew Mexico$zShiprock Region$xHistory.
=650  \0$aNavajo Indians$zNew Mexico$zShiprock Region$xSocial life and customs.
=650  \0$aNavajo Indians$zNew Mexico$zShiprock Region$xHistory.
=651  \0$aShiprock Region (N.M.)$xSocial life and customs.
=651  \0$aShiprock Region (N.M.)$xHistory.
=655  \7$aElectronic books. $2local
=700  1\$aMcPherson, Robert S.,$d1947-
=700  1\$aWoods, Susan E.$q(Susan Evans),$d1952-
=710  2\$aProject Muse.$edistributor
=830  \0$aBook collections on Project MUSE.
=856  40$zFull text available: $uhttps://muse.jhu.edu/book/9311/
=945  \\$aProject MUSE - Archive Complete Foundation
=945  \\$aProject MUSE - Archive US Regional Studies, West Foundation
=945  \\$aProject MUSE - Archive Native American and Indigenous Studies Foundation

