=LDR  01559cam a22004334a 4500
=001  musev2_9312
=003  MdBmJHUP
=005  20241011045652.0
=006  m\\\\\o\\d\\\\\\\\
=007  cr||||||||nn|n
=008  010801s2002\\\\utu\\\\\o\\\\\\00\0\eng\d
=010  \\$z  2001004567
=020  \\$a9780874214604
=020  \\$z9780874214307
=035  \\$a(OCoLC)51978231
=040  \\$aMdBmJHUP$cMdBmJHUP
=050  04$aPE1404$b.W76 2002
=082  0\$a808/.042/0711$221
=245  00$aWriting With Elbow / $cedited by Pat Belanoff ... [et al.].
=264  \1$aLogan, Utah :$bUtah State University Press,$c2002.
=264  \3$aBaltimore, Md. :$bProject MUSE, $c2012
=264  \4$c&copy;2002.
=300  \\$a1 online resource (313 pages).
=336  \\$atext$btxt$2rdacontent
=337  \\$acomputer$bc$2rdamedia
=338  \\$aonline resource$bcr$2rdacarrier
=504  \\$aIncludes bibliographical references (p. [279]-289) and index.
=506  0\$aOpen Access$fUnrestricted online access$2star
=588  \\$aDescription based on print version record.
=650  \0$aReport writing$xStudy and teaching (Higher)
=650  \0$aEnglish language$xRhetoric$xStudy and teaching.
=600  10$aElbow, Peter$xInfluence.
=655  \7$aElectronic books. $2local
=700  1\$aBelanoff, Pat.
=710  2\$aProject Muse.$edistributor
=830  \0$aBook collections on Project MUSE.
=856  40$zFull text available: $uhttps://muse.jhu.edu/book/9312/
=945  \\$aProject MUSE - Archive Complete Foundation
=945  \\$aProject MUSE - Archive Higher Education Foundation

