=LDR  01931cam a22004934a 4500
=001  musev2_9313
=003  MdBmJHUP
=005  20241011045653.0
=006  m\\\\\o\\d\\\\\\\\
=007  cr||||||||nn|n
=008  040713s2004\\\\utu\\\\\o\\\\\\00\0\eng\d
=010  \\$z  2004016131
=020  \\$a9780874215052
=020  \\$z9780874215915
=035  \\$a(OCoLC)62266071
=040  \\$aMdBmJHUP$cMdBmJHUP
=043  \\$an-us-ak
=050  04$aE99.E7$bP517 2004
=082  0\$a979.8004/9712/0092$aB$222
=100  1\$aPinson, Elizabeth Bernhardt,$d1912-
=245  10$aAlaska's Daughter : $bAn Eskimo Memoir of the Early Twentieth Century / $cElizabeth Bernhardt Pinson.
=264  \1$aLogan :$bUtah State University Press,$c2004.
=264  \3$aBaltimore, Md. :$bProject MUSE, $c2012
=264  \4$c&copy;2004.
=300  \\$a1 online resource (224 pages): $bill., map ;
=336  \\$atext$btxt$2rdacontent
=337  \\$acomputer$bc$2rdamedia
=338  \\$aonline resource$bcr$2rdacarrier
=504  \\$aIncludes bibliographical references (p. 206) and index.
=506  0\$aOpen Access$fUnrestricted online access$2star
=588  \\$aDescription based on print version record.
=600  10$aPinson, Elizabeth Bernhardt,$d1912-
=650  \0$aInupiat$zAlaska$zTeller$xSocial life and customs.
=650  \0$aInupiat women$zAlaska$zTeller$xSocial conditions.
=650  \0$aInupiat women$zAlaska$zTeller$vBiography.
=651  \0$aTeller (Alaska)$xSocial life and customs.
=651  \0$aTeller (Alaska)$xHistory.
=655  \7$aElectronic books. $2local
=710  2\$aProject Muse.$edistributor
=830  \0$aBook collections on Project MUSE.
=856  40$zFull text available: $uhttps://muse.jhu.edu/book/9313/
=945  \\$aProject MUSE - Archive Complete Foundation
=945  \\$aProject MUSE - Archive US Regional Studies, West Foundation
=945  \\$aProject MUSE - Archive Native American and Indigenous Studies Foundation

