=LDR  03088cam a22004694a 4500
=001  musev2_9314
=003  MdBmJHUP
=005  20241011045654.0
=006  m\\\\\o\\d\\\\\\\\
=007  cr||||||||nn|n
=008  980608s1998\\\\utu\\\\\o\\\\\\00\0\eng\d
=010  \\$z   98025384 
=020  \\$a9780874213218
=020  \\$z9780874212556
=035  \\$a(OCoLC)42329439
=040  \\$aMdBmJHUP$cMdBmJHUP
=050  04$aPE1404$b.W56 1998
=082  0\$a808/.042/0285$221
=245  00$aWiring The Writing Center / $cEric H. Hobson, editor.
=264  \1$aLogan, Utah :$bUtah State University Press,$c1998.
=264  \3$aBaltimore, Md. :$bProject MUSE, $c2012
=264  \4$c&copy;1998.
=300  \\$a1 online resource (280 pages): $bill. ;
=336  \\$atext$btxt$2rdacontent
=337  \\$acomputer$bc$2rdamedia
=338  \\$aonline resource$bcr$2rdacarrier
=504  \\$aIncludes bibliographical references (p. 231-241).
=505  0\$aThe look and feel of the OWL Conference / Barbara Monroe -- Email "tutoring" as collaborative writing / David Coogan -- Reflection and responsibility in (cyber) tutor training : seeing ourselves clearly on and off the ?screen / Rebecca Rickly -- WAC on the Web : writing center outreach to teachers of writing intensive courses / Sara Kimball -- Have you visited your online writing center today? : learning, writing, and teaching online at a community college / Clinton Gardner -- The other WWW : using intranets to reconfigure the who, when and where of network supported writing instruction / Kurt P. Kearcher -- Wiring a usable center : usability research and writing center practice / Stuart Blythe -- Drill pads, teaching machines, and programmed texts : origins of institutional technology in writing centers / Neal Lerner -- Virtual high school writing centers : a spectrum of possibilities / Pamela B. Childers, Jeannette Jordan, James K. Upton -- The community college mission and the electronic writing center / Ellen Mohr -- Random memories of the virtual writing center : the modes-to-nodes problem / Ray Wallace -- Computers in the writing center : a cautionary history / Peter Carino -- UnfURLed : 20 writing center sites to visit on the information highway / Bruce Pegg -- Computers and writing centers : an annotated bibliography / Steve Sherwood.
=506  0\$aOpen Access$fUnrestricted online access$2star
=588  \\$aDescription based on print version record.
=650  \0$aWriting centers$xAutomation.
=650  \0$aReport writing$xComputer-assisted instruction.
=650  \0$aEnglish language$xComputer-assisted instruction.
=650  \0$aReport writing$xStudy and teaching$xData processing.
=650  \0$aEnglish language$xRhetoric$xStudy and teaching$xData processing.
=655  \7$aElectronic books. $2local
=700  1\$aHobson, Eric.
=710  2\$aProject Muse.$edistributor
=830  \0$aBook collections on Project MUSE.
=856  40$zFull text available: $uhttps://muse.jhu.edu/book/9314/
=945  \\$aProject MUSE - Archive Complete Foundation
=945  \\$aProject MUSE - Archive Higher Education Foundation

