=LDR  02225cam a22005414a 4500
=001  musev2_9315
=003  MdBmJHUP
=005  20241011045654.0
=006  m\\\\\o\\d\\\\\\\\
=007  cr||||||||nn|n
=008  950619s1995\\\\utu\\\\\o\\\\\\00\0\eng\d
=010  \\$z   95032445 
=020  \\$a9780874213768
=020  \\$z9780874211993
=020  \\$z9780874211955
=035  \\$a(OCoLC)708059593
=040  \\$aMdBmJHUP$cMdBmJHUP
=043  \\$an-us-ak$an-cn-yk
=050  04$aE78.A3$bW44 1995
=082  0\$a398.2/089970798$220
=245  00$aWhen Our Words Return : $bWriting, Hearing, and Remembering Oral Traditions from Alasak and the Yukon / $cedited by  Phyllis Morrow and William Schneider.
=264  \1$aLogan, Utah :$bUtah State University Press,$c1995.
=264  \3$aBaltimore, Md. :$bProject MUSE, $c2012
=264  \4$c&copy;1995.
=300  \\$a1 online resource (254 pages): $bill., maps ;
=336  \\$atext$btxt$2rdacontent
=337  \\$acomputer$bc$2rdamedia
=338  \\$aonline resource$bcr$2rdacarrier
=504  \\$aIncludes bibliographical references.
=506  0\$aOpen Access$fUnrestricted online access$2star
=588  \\$aDescription based on print version record.
=650  \0$aTales$zYukon River Valley (Yukon and Alaska)$xStructural analysis.
=650  \0$aTales$zAlaska$xStructural analysis.
=650  \0$aOral tradition$zYukon River Valley (Yukon and Alaska)
=650  \0$aOral tradition$zAlaska.
=650  \0$aIndians of North America$zYukon River Valley (Yukon and Alaska)$xWriting.
=650  \0$aIndians of North America$zAlaska$xWriting.
=650  \0$aIndians of North America$zYukon River Valley (Yukon and Alaska)$xFolklore.
=650  \0$aIndians of North America$zAlaska$xFolklore.
=655  \7$aElectronic books. $2local
=700  1\$aSchneider, William.
=700  1\$aMorrow, Phyllis.
=710  2\$aProject Muse.$edistributor
=830  \0$aBook collections on Project MUSE.
=856  40$zFull text available: $uhttps://muse.jhu.edu/book/9315/
=945  \\$aProject MUSE - Archive Complete Foundation
=945  \\$aProject MUSE - Archive US Regional Studies, West Foundation
=945  \\$aProject MUSE - Archive Native American and Indigenous Studies Foundation

