=LDR  01904cam a22005054a 4500
=001  musev2_9316
=003  MdBmJHUP
=005  20241011045655.0
=006  m\\\\\o\\d\\\\\\\\
=007  cr||||||||nn|n
=008  960131s1996\\\\utu\\\\\o\\\\\\00\0\eng\d
=010  \\$z   96004509 
=020  \\$a9780874213027
=020  \\$z9780874212075
=020  \\$z9780874215526
=035  \\$a(OCoLC)42856534
=040  \\$aMdBmJHUP$cMdBmJHUP
=043  \\$an-us-ia$an-uss--
=050  04$aF627.M66$bR53 1996
=082  0\$a978/.02/092$aB$220
=100  1\$aRichards, Mary Haskin Parker,$d1823-1860.
=245  10$aWinter Quarters / $cedited by Maurine Carr Ward.
=264  \1$aLogan, Utah :$bUtah State University Press,$c1996.
=264  \3$aBaltimore, Md. :$bProject MUSE, $c2012
=264  \4$c&copy;1996.
=300  \\$a1 online resource (352 pages): $bill., maps ;
=336  \\$atext$btxt$2rdacontent
=337  \\$acomputer$bc$2rdamedia
=338  \\$aonline resource$bcr$2rdacarrier
=504  \\$aIncludes bibliographical references (p. 313-319) and index.
=506  0\$aOpen Access$fUnrestricted online access$2star
=588  \\$aDescription based on print version record.
=600  10$aRichards, Mary Haskin Parker,$d1823-1860.
=650  \0$aMormon pioneers$zMissouri River Valley$xBiography.
=650  \0$aPioneers$zMissouri River Valley$xBiography.
=650  \0$aMormon women$zMissouri River Valley$xBiography.
=650  \0$aWomen pioneers$zMissouri River Valley$xBiography.
=651  \0$aMissouri River Valley$xBiography.
=655  \7$aElectronic books. $2local
=700  1\$aWard, Maurine Carr, 1939-
=710  2\$aProject Muse.$edistributor
=830  \0$aBook collections on Project MUSE.
=856  40$zFull text available: $uhttps://muse.jhu.edu/book/9316/
=945  \\$aProject MUSE - Archive Complete Foundation
=945  \\$aProject MUSE - Archive US Regional Studies, West Foundation

