=LDR  01569cam a22004334a 4500
=001  musev2_9317
=003  MdBmJHUP
=005  20241011045656.0
=006  m\\\\\o\\d\\\\\\\\
=007  cr||||||||nn|n
=008  980714s1998\\\\utu\\\\\o\\\\\\00\0\eng\d
=010  \\$z   98025490 
=020  \\$a9780874213188
=020  \\$z9780874212563
=035  \\$a(OCoLC)42330552
=040  \\$aMdBmJHUP$cMdBmJHUP
=050  04$aPE1404$b.U53 1998
=082  0\$a808/.042/07$221
=245  00$aUnder Construction / $cedited by Christine Farris and Chris M. Anson.
=264  \1$aLogan :$bUtah State University Press,$c1998.
=264  \3$aBaltimore, Md. :$bProject MUSE, $c2012
=264  \4$c&copy;1998.
=300  \\$a1 online resource (340 pages).
=336  \\$atext$btxt$2rdacontent
=337  \\$acomputer$bc$2rdamedia
=338  \\$aonline resource$bcr$2rdacarrier
=504  \\$aIncludes bibliographical references (p. [302]-323) and index.
=506  0\$aOpen Access$fUnrestricted online access$2star
=588  \\$aDescription based on print version record.
=650  \0$aReport writing$xStudy and teaching.
=650  \0$aEnglish language$xRhetoric$xStudy and teaching.
=655  \7$aElectronic books. $2local
=700  1\$aAnson, Christopher M.,$d1954-
=700  1\$aFarris, Christine,$d1949-
=710  2\$aProject Muse.$edistributor
=830  \0$aBook collections on Project MUSE.
=856  40$zFull text available: $uhttps://muse.jhu.edu/book/9317/
=945  \\$aProject MUSE - Archive Complete Foundation
=945  \\$aProject MUSE - Archive Higher Education Foundation

