=LDR  01600cam a22003974a 4500
=001  musev2_9318
=003  MdBmJHUP
=005  20241011045658.0
=006  m\\\\\o\\d\\\\\\\\
=007  cr||||||||nn|n
=008  240111s1996\\\\xx\\\\\\o\\\\\\00\0\und\d
=020  \\$a9780874213133
=020  \\$z9780874212082
=035  \\$a(OCoLC)42328996
=040  \\$aMdBmJHUP$cMdBmJHUP
=100  1\$aJohnson, Kristin$eVerfasserIn.$4aut
=245  10$aUnfortunate Emigrants
=264  \1$a[Erscheinungsort nicht ermittelbar]$bUniversity Press of Colorado$c1996
=264  \3$aBaltimore, Md. :$bProject MUSE, $c2012
=264  \4$c&copy;1996
=300  \\$a1 online resource (328 pages).
=336  \\$atext$btxt$2rdacontent
=337  \\$acomputer$bc$2rdamedia
=338  \\$aonline resource$bcr$2rdacarrier
=506  0\$aOpen Access$fUnrestricted online access$2star
=520  \\$aThe story of the Donner Party remains one of the most tragic and compelling in pioneer history. Johnson gathers many rare early narratives detailing the participants' trying experiences into one of the most accurate accounts to date of this disastrous event.
=546  \\$aEnglish.
=588  \\$aDescription based on print version record.
=650  \4$aHistory of the Americas.
=650  \4$aHumanities.
=655  \7$aElectronic books. $2local
=710  2\$aProject Muse.$edistributor
=830  \0$aBook collections on Project MUSE.
=856  40$zFull text available: $uhttps://muse.jhu.edu/book/9318/
=945  \\$aProject MUSE - Archive Complete Foundation
=945  \\$aProject MUSE - Archive US Regional Studies, West Foundation

