=LDR  01690cam a22004694a 4500
=001  musev2_9319
=003  MdBmJHUP
=005  20241011045659.0
=006  m\\\\\o\\d\\\\\\\\
=007  cr||||||||nn|n
=008  961224s1997\\\\utu\\\\\o\\\\\\00\0\eng\d
=010  \\$z   96051304 
=020  \\$a9780874213348
=020  \\$z9780874212259
=020  \\$z9780874212266
=035  \\$a(OCoLC)42330233
=040  \\$aMdBmJHUP$cMdBmJHUP
=043  \\$an-us---$an-cn---
=050  04$aE184.A1$bU83 1997
=082  0\$a305.8/00973$221
=245  00$aUsable Pasts : $bTraditions and Group Expressions in North America / $cedited by Tad Tuleja.
=264  \1$aLogan, Utah :$bUtah State University Press,$c1997.
=264  \3$aBaltimore, Md. :$bProject MUSE, $c2012
=264  \4$c&copy;1997.
=300  \\$a1 online resource (345 pages): $bill. ;
=336  \\$atext$btxt$2rdacontent
=337  \\$acomputer$bc$2rdamedia
=338  \\$aonline resource$bcr$2rdacarrier
=504  \\$aIncludes bibliographical references.
=506  0\$aOpen Access$fUnrestricted online access$2star
=588  \\$aDescription based on print version record.
=650  \0$aEthnology$zCanada.
=650  \0$aEthnology$zUnited States.
=650  \0$aMinorities$zCanada$xSocial life and customs.
=650  \0$aMinorities$zUnited States$xSocial life and customs.
=655  \7$aElectronic books. $2local
=700  1\$aTuleja, Tad,$d1944-
=710  2\$aProject Muse.$edistributor
=830  \0$aBook collections on Project MUSE.
=856  40$zFull text available: $uhttps://muse.jhu.edu/book/9319/
=945  \\$aProject MUSE - Archive Complete Foundation
=945  \\$aProject MUSE - Archive Global Cultural Studies Foundation

