=LDR  02344cam a22005054a 4500
=001  musev2_9320
=003  MdBmJHUP
=005  20241011045700.0
=006  m\\\\\o\\d\\\\\\\\
=007  cr||||||||nn|n
=008  950420s1995\\\\utu\\\\\o\\\\\\00\0\eng\d
=010  \\$z   95004388 
=020  \\$a9780874213751
=020  \\$z9780874211870
=020  \\$z9780874211986
=035  \\$a(OCoLC)706077292
=040  \\$aMdBmJHUP$cMdBmJHUP
=043  \\$an-us-az$an-mx---
=050  04$aF815$b.G75 1995
=082  0\$a306/.09791/7$220
=100  1\$aGriffith, James S.
=245  12$aShared Space / $cby James S. Griffith.
=264  \1$aLogan, Utah :$bUtah State University Press,$c1995.
=264  \3$aBaltimore, Md. :$bProject MUSE, $c2012
=264  \4$c©1995.
=300  \\$a1 online resource (219 pages): $bill., map ;
=336  \\$atext$btxt$2rdacontent
=337  \\$acomputer$bc$2rdamedia
=338  \\$aonline resource$bcr$2rdacarrier
=504  \\$aIncludes bibliographical references (p. 191-198) and index.
=505  0\$aRespect and continuity : the arts of death in a border community -- The Magdalena holy picture : religious folk art in two cultures -- Cascarones : a florescent folk art form in southern Arizona -- El Tiradito and Juan Soldado : two victim intercessors of the western borderlands -- The Black Christ of ÍMuris : a study in cultural fit -- "The Mormon cowboy" : an Arizona cowboy song and its community -- Leonardo Yañez and "El moro de cumpas" : a borderlands horse-race ballad and its composer -- Baroque principles of organization in contemporary Mexican American Arizona.
=506  0\$aOpen Access$fUnrestricted online access$2star
=588  \\$aDescription based on print version record.
=651  \0$aSonora (Mexico : State)$xSocial life and customs.
=651  \0$aArizona$xSocial life and customs.
=650  \0$aBorderlands$zArizona.
=650  \0$aBorderlands$zMexico$zSonora (State)
=650  \0$aFolklore$zMexico$zSonora (State)
=650  \0$aFolklore$zArizona.
=655  \7$aElectronic books. $2local
=710  2\$aProject Muse.$edistributor
=830  \0$aBook collections on Project MUSE.
=856  40$zFull text available: $uhttps://muse.jhu.edu/book/9320/
=945  \\$aProject MUSE - Archive Complete Foundation
=945  \\$aProject MUSE - Archive US Regional Studies, West Foundation

