=LDR  03999cam a22004694a 4500
=001  musev2_9321
=003  MdBmJHUP
=005  20241011045700.0
=006  m\\\\\o\\d\\\\\\\\
=007  cr||||||||nn|n
=008  960918s1997\\\\utu\\\\\o\\\\\\00\0\eng\d
=010  \\$z   96045774 
=020  \\$a9780874213393
=020  \\$z9780874212204
=035  \\$a(OCoLC)42329319
=040  \\$aMdBmJHUP$cMdBmJHUP
=043  \\$an-us---
=050  04$aLB1029.P67$bS58 1997
=082  0\$a371.2/7$220
=245  00$aSituating Portfolios / $cKathleen Blake Yancey and Irwin Weiser, editors.
=264  \1$aLogan, Utah :$bUtah State University Press,$c1997.
=264  \3$aBaltimore, Md. :$bProject MUSE, $c2012
=264  \4$c&copy;1997.
=300  \\$a1 online resource (415 pages): $bill. ;
=336  \\$atext$btxt$2rdacontent
=337  \\$acomputer$bc$2rdamedia
=338  \\$aonline resource$bcr$2rdacarrier
=504  \\$aIncludes bibliographical references (p. [385]-400).
=505  0\$aReflections an explosion : portfolios in the '90s and beyond / Peter Elbow and Pat Belanoff -- The lunar light of student writing : portfolios and literary theory / Robert Leigh Davis -- Rethinking portfolios for evaluating writing : issues of assessment and power / Brian Huot and Michael M. Williamson -- Kentucky's state-mandated writing portfolios and teacher accountability / Susan Callahan -- Teachers and students : reclaiming assessment via portfolios / Sandra Murphy -- Establishing sound portfolio practice : reflections on faculty development / Cheryl Evans Ause and Gerilee Nicastro -- Of large-mouth milk jugs, cosmic trash compactors, and renewal machines : reflections on a multi-task portfolio assessment / Charlotte W. O'Brien -- Portfolio for doctoral candidacy : a veritable alternative / Janice M. Heiges -- Behind the scenes : portfolios in a classroom learning community / Mary Ann Smith -- Using portfolios to assess and nurture early literacy from a developmental perspective / Sandra J. Stone -- Portfolios and flow / Thomas Philion -- Producing purposeful portfolios / Mary Perry -- Building bridges, closing gaps : using portfolios to reconstruct the academic community / William Condon -- Portfolios in law school : creating a community of writers / Susan R. Dailey -- Portfolios as a way to encourage reflective practice among preservice English teachers / Robert P. Yagelski -- Teacher portfolios : lessons on resistance, readiness, and reflection / Kathleen Blake Yancey -- Finding out what's in their heads : using teaching portfolios to assess English education students and programs / C. Beth Burch -- Different understanding / Pearl R. Paulson and F. Leon Paulson -- Revising our practices : how portfolios help teachers learn / Irwin Weiser -- Wedding the technologies of writing portfolios and computers : the challenges of electronic classrooms / Gail E. Hawisher and Cynthia L. Selfe -- Hypertext authoring course, portfolio assessment, and diversity / Gregory A. Wickliff -- Down the yellow chip road : hypertext portfolios in Oz / Katherine M. Fischer -- Reflections in reading and evaluating electronic portfolios / Kristine L. Blair and Pamela D. Takayoshi -- Portfolios, WAC, Email, and assessment : an inquiry on Portnet / Michael Allen ... [et al.].
=506  0\$aOpen Access$fUnrestricted online access$2star
=588  \\$aDescription based on print version record.
=650  \0$aEnglish language$xComposition and exercises$xAbility testing$zUnited States.
=650  \0$aGrading and marking (Students)$zUnited States.
=650  \0$aPortfolios in education$zUnited States.
=655  \7$aElectronic books. $2local
=700  1\$aWeiser, Irwin.
=700  1\$aYancey, Kathleen Blake,$d1950-
=710  2\$aProject Muse.$edistributor
=830  \0$aBook collections on Project MUSE.
=856  40$zFull text available: $uhttps://muse.jhu.edu/book/9321/
=945  \\$aProject MUSE - Archive Complete Foundation
=945  \\$aProject MUSE - Archive Higher Education Foundation

