=LDR  01972cam a22004454a 4500
=001  musev2_9322
=003  MdBmJHUP
=005  20241011045701.0
=006  m\\\\\o\\d\\\\\\\\
=007  cr||||||||nn|n
=008  990722s2000\\\\utu\\\\\o\\\\\\00\0\eng\d
=010  \\$z   99006774 
=020  \\$a9780874213522
=020  \\$z9780874212839
=035  \\$a(OCoLC)45732533
=040  \\$aMdBmJHUP$cMdBmJHUP
=050  04$aPE1404$b.M387 2000
=082  0\$a808/.042/07$221
=100  1\$aMcComiskey, Bruce,$d1963-
=245  10$aTeaching Composition As A Social Process / $cBruce McComiskey.
=264  \1$aLogan, Utah :$bUtah State University Press,$c2000.
=264  \3$aBaltimore, Md. :$bProject MUSE, $c2012
=264  \4$c&copy;2000.
=300  \\$a1 online resource (159 pages).
=336  \\$atext$btxt$2rdacontent
=337  \\$acomputer$bc$2rdamedia
=338  \\$aonline resource$bcr$2rdacarrier
=504  \\$aIncludes bibliographical references (p. [139]-144) and index.
=505  0\$aAcknowledgments -- Introduction -- Three levels of composing -- Social-process rhetorical inquiry -- The post-process movement in composition studies -- Composing postmodern subjectivities in the aporia between identity and difference -- Critical discourse analysis in the composition class -- Writing in context -- Works cited --  Index --  About the author.
=506  0\$aOpen Access$fUnrestricted online access$2star
=588  \\$aDescription based on print version record.
=650  \0$aRhetoric and psychology.
=650  \0$aReport writing$xStudy and teaching$xSocial aspects.
=650  \0$aEnglish language$xRhetoric$xStudy and teaching$xSocial aspects.
=655  \7$aElectronic books. $2local
=710  2\$aProject Muse.$edistributor
=830  \0$aBook collections on Project MUSE.
=856  40$zFull text available: $uhttps://muse.jhu.edu/book/9322/
=945  \\$aProject MUSE - Archive Complete Foundation
=945  \\$aProject MUSE - Archive Higher Education Foundation

