=LDR  01567cam a22004334a 4500
=001  musev2_9323
=003  MdBmJHUP
=005  20241011045701.0
=006  m\\\\\o\\d\\\\\\\\
=007  cr||||||||nn|n
=008  001206s2001\\\\utu\\\\\o\\\\\\00\0\eng\d
=010  \\$z   00012852 
=020  \\$a9780874214512
=020  \\$z9780874214147
=035  \\$a(OCoLC)51729057
=040  \\$aMdBmJHUP$cMdBmJHUP
=050  04$aPE1404$b.F357 2001
=082  0\$a808/.042/0711$221
=100  1\$aFarmer, Frank,$d1951-
=245  10$aSaying And Silence / $cFrank Farmer.
=264  \1$aLogan :$bUtah State University Press,$c2001.
=264  \3$aBaltimore, Md. :$bProject MUSE, $c2012
=264  \4$c©2001.
=300  \\$a1 online resource (184 pages).
=336  \\$atext$btxt$2rdacontent
=337  \\$acomputer$bc$2rdamedia
=338  \\$aonline resource$bcr$2rdacarrier
=504  \\$aIncludes bibliographical references (p. [159]-167) and index.
=506  0\$aOpen Access$fUnrestricted online access$2star
=588  \\$aDescription based on print version record.
=650  \0$aReport writing$xStudy and teaching (Higher)
=650  \0$aEnglish language$xRhetoric$xStudy and teaching.
=600  10$aBakhtin, M. M.$q(Mikhail Mikhaĭlovich),$d1895-1975.
=655  \7$aElectronic books. $2local
=710  2\$aProject Muse.$edistributor
=830  \0$aBook collections on Project MUSE.
=856  40$zFull text available: $uhttps://muse.jhu.edu/book/9323/
=945  \\$aProject MUSE - Archive Complete Foundation
=945  \\$aProject MUSE - Archive Higher Education Foundation

