=LDR  01691cam a22004454a 4500
=001  musev2_9324
=003  MdBmJHUP
=005  20241011045702.0
=006  m\\\\\o\\d\\\\\\\\
=007  cr||||||||nn|n
=008  001212s2001\\\\utu\\\\\o\\\\\\00\0\eng\d
=010  \\$z   00012955 
=020  \\$a9780874214710
=020  \\$z9780874214093
=035  \\$a(OCoLC)51729052
=040  \\$aMdBmJHUP$cMdBmJHUP
=043  \\$an-us---
=050  04$aLB2361.5$b.S38 2001
=082  0\$a378.1/99/0973$221
=100  1\$aSchroeder, Christopher L.,$d1970-
=245  10$aReinventing The University : $bLiteracies and Legitimacy in the Postmodern Academy / $cChristopher L. Schroeder.
=264  \1$aLogan :$bUtah State University Press,$c2001.
=264  \3$aBaltimore, Md. :$bProject MUSE, $c2012
=264  \4$c&copy;2001.
=300  \\$a1 online resource (276 pages).
=336  \\$atext$btxt$2rdacontent
=337  \\$acomputer$bc$2rdamedia
=338  \\$aonline resource$bcr$2rdacarrier
=504  \\$aIncludes bibliographical references (p. [254]-264) and index.
=506  0\$aOpen Access$fUnrestricted online access$2star
=588  \\$aDescription based on print version record.
=650  \0$aStudent participation in curriculum planning$zUnited States.
=650  \0$aPostmodernism and higher education$zUnited States.
=650  \0$aEducation, Higher$xCurricula$zUnited States.
=655  \7$aElectronic books. $2local
=710  2\$aProject Muse.$edistributor
=830  \0$aBook collections on Project MUSE.
=856  40$zFull text available: $uhttps://muse.jhu.edu/book/9324/
=945  \\$aProject MUSE - Archive Complete Foundation
=945  \\$aProject MUSE - Archive Higher Education Foundation

