=LDR  02287cam a22005774a 4500
=001  musev2_9325
=003  MdBmJHUP
=005  20241011045703.0
=006  m\\\\\o\\d\\\\\\\\
=007  cr||||||||nn|n
=008  851202s1985\\\\utu\\\\\o\\\\\\00\0\eng\d
=010  \\$z   85029531 
=020  \\$a9780874213881
=020  \\$z9780874211245
=035  \\$a(OCoLC)311085952
=040  \\$aMdBmJHUP$cMdBmJHUP
=043  \\$an-us-ut$an-us-az
=050  04$aF834.K36$bR527 1985
=082  0\$a979.1/3$219
=100  1\$aRider, Rowland W.,$d1890-
=240  10$aSixshooters and sagebrush
=245  14$aRoll Away Saloon / $cRowland W. Rider as told to Deirdre Paulsen.
=264  \1$aLogan, Utah :$bUtah State University Press,$c1985.
=264  \3$aBaltimore, Md. :$bProject MUSE, $c2012
=264  \4$c&copy;1985.
=300  \\$a1 online resource (132 pages): $bill. ;
=336  \\$atext$btxt$2rdacontent
=337  \\$acomputer$bc$2rdamedia
=338  \\$aonline resource$bcr$2rdacarrier
=500  \\$aOriginally published: Sixshooters and sagebrush. Provo : Brigham Young University Press, c1979.
=506  0\$aOpen Access$fUnrestricted online access$2star
=588  \\$aDescription based on print version record.
=600  10$aRider, Rowland W.,$d1890-
=650  \0$aFolklore$zArizona$zArizona Strip.
=650  \0$aFolklore$zArizona$zGrand Canyon Region.
=650  \0$aFolklore$zUtah$zKanab Region.
=650  \0$aCowboys$zArizona$zArizona Strip$xBiography.
=650  \0$aCowboys$zArizona$zGrand Canyon Region$xBiography.
=650  \0$aCowboys$zUtah$zKanab Region$xBiography.
=650  \0$aFrontier and pioneer life$zArizona$zArizona Strip.
=650  \0$aFrontier and pioneer life$zArizona$zGrand Canyon Region.
=650  \0$aFrontier and pioneer life$zUtah$zKanab Region.
=651  \0$aGrand Canyon Region (Ariz.)$xSocial life and customs.
=651  \0$aKanab Region (Utah)$xSocial life and customs.
=655  \7$aElectronic books. $2local
=700  1\$aPaulsen, Deirdre,$d1945-
=710  2\$aProject Muse.$edistributor
=830  \0$aBook collections on Project MUSE.
=856  40$zFull text available: $uhttps://muse.jhu.edu/book/9325/
=945  \\$aProject MUSE - Archive Complete Foundation
=945  \\$aProject MUSE - Archive US Regional Studies, West Foundation

