=LDR  01861cam a22004454a 4500
=001  musev2_9327
=003  MdBmJHUP
=005  20241011045704.0
=006  m\\\\\o\\d\\\\\\\\
=007  cr||||||||nn|n
=008  971203s1998\\\\utu\\\\\o\\\\\\00\0\eng\d
=010  \\$z   97045395 
=020  \\$a9780874213140
=020  \\$z9780874212389
=035  \\$a(OCoLC)42329317
=040  \\$aMdBmJHUP$cMdBmJHUP
=050  04$aPE1404$b.Y36 1998
=082  0\$a808/.042/07$221
=100  1\$aYancey, Kathleen Blake,$d1950-
=245  10$aReflection In The Writing Classroom / $cKathleen Blake Yancey.
=264  \1$aLogan, Utah :$bUtah State University Press,$c1998.
=264  \3$aBaltimore, Md. :$bProject MUSE, $c2012
=264  \4$c&copy;1998.
=300  \\$a1 online resource (224 pages).
=336  \\$atext$btxt$2rdacontent
=337  \\$acomputer$bc$2rdamedia
=338  \\$aonline resource$bcr$2rdacarrier
=504  \\$aIncludes bibliographical references (p. [207]-212) and index.
=505  0\$aOn reflection -- Reflection-in-action -- Constructive reflection -- Reflection-in-presentation -- Reflective reading, reflective responding -- Reflection and the writing course -- Reflection and assessment -- Literacy and the curriculum -- Reflective texts, reflective writers.
=506  0\$aOpen Access$fUnrestricted online access$2star
=588  \\$aDescription based on print version record.
=650  \0$aReflection (Philosophy)
=650  \0$aReport writing$xStudy and teaching.
=650  \0$aEnglish language$xRhetoric$xStudy and teaching.
=655  \7$aElectronic books. $2local
=710  2\$aProject Muse.$edistributor
=830  \0$aBook collections on Project MUSE.
=856  40$zFull text available: $uhttps://muse.jhu.edu/book/9327/
=945  \\$aProject MUSE - Archive Complete Foundation
=945  \\$aProject MUSE - Archive Higher Education Foundation

