=LDR  01901cam a22004574a 4500
=001  musev2_9328
=003  MdBmJHUP
=005  20241011045704.0
=006  m\\\\\o\\d\\\\\\\\
=007  cr||||||||nn|n
=008  020703s2002\\\\utu\\\\\o\\\\\\00\0\eng\d
=010  \\$z  2002010352
=020  \\$a9780874214703
=020  \\$z9780874214499
=035  \\$a(OCoLC)51952769
=040  \\$aMdBmJHUP$cMdBmJHUP
=050  04$aPE1404$b.H86 2002
=082  0\$a808/.042/071$221
=100  1\$aHuot, Brian A.
=245  10$aRearticulating Writing Assessment for Teaching and Learning / $cBrian Huot.
=264  \1$aLogan :$bUtah State University Press,$c2002.
=264  \3$aBaltimore, Md. :$bProject MUSE, $c2012
=264  \4$c&copy;2002.
=300  \\$a1 online resource (227 pages).
=336  \\$atext$btxt$2rdacontent
=337  \\$acomputer$bc$2rdamedia
=338  \\$aonline resource$bcr$2rdacarrier
=504  \\$aIncludes bibliographical references (p. [195]-212) and index.
=505  0\$a(Re) articulating writing assessment -- Writing assessment as a field of study -- Assessing, grading, testing and teaching writing -- Toward a new theory for writing assessment -- Reading like a teacher -- Writing assessment as technology and research -- Writing assessment practice.
=506  0\$aOpen Access$fUnrestricted online access$2star
=588  \\$aDescription based on print version record.
=650  \0$aCollege prose$xEvaluation.
=650  \0$aReport writing$xEvaluation.
=650  \0$aGrading and marking (Students)
=650  \0$aEnglish language$xRhetoric$xStudy and teaching.
=655  \7$aElectronic books. $2local
=710  2\$aProject Muse.$edistributor
=830  \0$aBook collections on Project MUSE.
=856  40$zFull text available: $uhttps://muse.jhu.edu/book/9328/
=945  \\$aProject MUSE - Archive Complete Foundation
=945  \\$aProject MUSE - Archive Higher Education Foundation

