=LDR  01912cam a22004454a 4500
=001  musev2_9329
=003  MdBmJHUP
=005  20241011045705.0
=006  m\\\\\o\\d\\\\\\\\
=007  cr||||||||nn|n
=008  981218s1999\\\\utu\\\\\o\\\\\\00\0\eng\d
=010  \\$z   98058148 
=020  \\$a9780874214598
=020  \\$z9780874212662
=035  \\$a(OCoLC)47007995
=040  \\$aMdBmJHUP$cMdBmJHUP
=043  \\$an-us-ut
=050  04$aF832.R3$bH37 1999
=082  0\$a979.2/5$221
=100  1\$aHassell, Hank,$d1943-
=245  10$aRainbow Bridge / $cHank Hassell ; line drawings & maps by R. Sean Evans.
=264  \1$aLogan :$bUtah State University Press,$c1999.
=264  \3$aBaltimore, Md. :$bProject MUSE, $c2012
=264  \4$c&copy;1999.
=300  \\$a1 online resource (199 pages): $bill. (some col.), maps ;
=336  \\$atext$btxt$2rdacontent
=337  \\$acomputer$bc$2rdamedia
=338  \\$aonline resource$bcr$2rdacarrier
=504  \\$aIncludes bibliographical references (p. 164-167) and index.
=505  0\$aThe Rainbow Trail -- The story in the rocks: how Rainbow Bridge came to be -- Navajo mountain religion: Rainbow Bridge through Indian eyes -- From shadow into light: the discovery of Rainbow Bridge -- "Not for many eyes to see": early-day tourism in Rainbow Bridge country -- Echo Park, and beyond -- The Sierra Club goes to war -- Reprise and reflection.
=506  0\$aOpen Access$fUnrestricted online access$2star
=588  \\$aDescription based on print version record.
=651  \0$aRainbow Bridge (Utah)$xHistory.
=655  \7$aElectronic books. $2local
=700  1\$aEvans, R. Sean.
=710  2\$aProject Muse.$edistributor
=830  \0$aBook collections on Project MUSE.
=856  40$zFull text available: $uhttps://muse.jhu.edu/book/9329/
=945  \\$aProject MUSE - Archive Complete Foundation
=945  \\$aProject MUSE - Archive US Regional Studies, West Foundation

