=LDR  03060cam a22004694a 4500
=001  musev2_9330
=003  MdBmJHUP
=005  20241011045706.0
=006  m\\\\\o\\d\\\\\\\\
=007  cr||||||||nn|n
=008  010807s2001\\\\utu\\\\\o\\\\\\00\0\eng\d
=010  \\$z  2001004766
=020  \\$a9780874214697
=020  \\$z9780874214291
=035  \\$a(OCoLC)51978566
=040  \\$aMdBmJHUP$cMdBmJHUP
=050  04$aPE1404$b.P457 2001
=082  0\$a808/.042/0711$221
=245  00$aPersonal Effects / $cedited by Deborah H. Holdstein, David Bleich.
=264  \1$aLogan :$bUtah State University Press,$c2001.
=264  \3$aBaltimore, Md. :$bProject MUSE, $c2012
=264  \4$c&copy;2001.
=300  \\$a1 online resource (391 pages).
=336  \\$atext$btxt$2rdacontent
=337  \\$acomputer$bc$2rdamedia
=338  \\$aonline resource$bcr$2rdacarrier
=504  \\$aIncludes bibliographical references (p. [357]-376)  and index.
=505  0\$aScholarly memoir : an un-"professional" practice / Margaret Willard-Traub -- In the name of the subject : some recent versions of the personal / Jeffrey Gray -- Radical introspection : the personal in scholarship and teaching / Brenda Daly -- Loss, memory, and the work of learning : lessons from the teaching life of Anne Sexton / Paula M. Salvio -- Knowledge has a face : the Jewish, the personal, and the pedagogical / Susan Handelman -- Who was that masked author? : the faces of academic editing / Louise Z. Smith -- Autobiography : the mixed genre of public and private / Madeleine R. Grumet -- The social construction of expressivist pedagogy / Karen Surman Paley -- The scope of personal writing in postsecondary English pedagogy / Diane P. Freedman -- Personal experience paper / Rachel Brownstein -- The world never ends : professional judgments at home, abroad / Joycelyn K. Moody -- Learning to take it personally / Kate Ronald and Hephzibah Roskelly -- Cuentos de mi historia : an art of memory / Victor Villanueva -- Personal landmarks on pedagogical landscapes / Katya Gibel Azoulay -- The anxiety and nostalgia of literacy : a narrative about race, language, and a teaching life / Morris Young -- Where I'm coming from : memory, location, and the (un)making of national subjectivity / Christopher Castiglia -- The personal as history / Richard Ohmann.
=506  0\$aOpen Access$fUnrestricted online access$2star
=588  \\$aDescription based on print version record.
=650  \0$aSelf-disclosure.
=650  \0$aAcademic writing$xSocial aspects.
=650  \0$aAcademic writing$xStudy and teaching$xSocial aspects.
=650  \0$aEnglish language$xRhetoric$xStudy and teaching$xSocial aspects.
=655  \7$aElectronic books. $2local
=700  1\$aBleich, David.
=700  1\$aHoldstein, Deborah H.,$d1952-
=710  2\$aProject Muse.$edistributor
=830  \0$aBook collections on Project MUSE.
=856  40$zFull text available: $uhttps://muse.jhu.edu/book/9330/
=945  \\$aProject MUSE - Archive Complete Foundation
=945  \\$aProject MUSE - Archive Higher Education Foundation

