=LDR  01339cam a22003854a 4500
=001  musev2_9331
=003  MdBmJHUP
=005  20241011045706.0
=006  m\\\\\o\\d\\\\\\\\
=007  cr||||||||nn|n
=008  970225s1997\\\\utu\\\\\o\\\\\\00\0\eng\d
=010  \\$z   97004727 
=020  \\$a9780874213126
=020  \\$z9780874212365
=035  \\$a(OCoLC)42854309
=040  \\$aMdBmJHUP$cMdBmJHUP
=050  04$aPS3556.R3939$bP58 1997
=082  0\$a811/.54$221
=100  1\$aFreisinger, Randall R.,$d1942-
=245  10$aPlato's Breath / $cby Randall R. Freisinger.
=264  \1$aLogan, Utah :$bUtah State University Press,$c1997.
=264  \3$aBaltimore, Md. :$bProject MUSE, $c2012
=264  \4$c&copy;1997.
=300  \\$a1 online resource (80 pages).
=336  \\$atext$btxt$2rdacontent
=337  \\$acomputer$bc$2rdamedia
=338  \\$aonline resource$bcr$2rdacarrier
=506  0\$aOpen Access$fUnrestricted online access$2star
=588  \\$aDescription based on print version record.
=655  \7$aElectronic books. $2local
=710  2\$aProject Muse.$edistributor
=830  \0$aBook collections on Project MUSE.
=856  40$zFull text available: $uhttps://muse.jhu.edu/book/9331/
=945  \\$aProject MUSE - Archive Complete Foundation
=945  \\$aProject MUSE - Archive Poetry, Fiction and Creative Non-Fiction Foundation

