=LDR  01413cam a22004094a 4500
=001  musev2_9332
=003  MdBmJHUP
=005  20241011045707.0
=006  m\\\\\o\\d\\\\\\\\
=007  cr||||||||nn|n
=008  020322s2002\\\\utu\\\\\o\\\\\\00\0\eng\d
=010  \\$z  2002004492
=020  \\$a9780874214680
=020  \\$z9780874214444
=020  \\$z9780874214451
=035  \\$a(OCoLC)51978318
=040  \\$aMdBmJHUP$cMdBmJHUP
=050  04$aPS3619.H433$bO95 2002
=082  0\$a811/.6$221
=100  1\$aShearin, Faith.
=245  14$aOwl Question : $bPoems / $cby Faith Shearin.
=264  \1$aLogan, Utah :$bUtah State University Press,$c2002.
=264  \3$aBaltimore, Md. :$bProject MUSE, $c2012
=264  \4$c&copy;2002.
=300  \\$a1 online resource (73 pages).
=336  \\$atext$btxt$2rdacontent
=337  \\$acomputer$bc$2rdamedia
=338  \\$aonline resource$bcr$2rdacarrier
=500  \\$aWinner of the 2002 May Swenson Poetry Award.
=506  0\$aOpen Access$fUnrestricted online access$2star
=588  \\$aDescription based on print version record.
=655  \7$aElectronic books. $2local
=710  2\$aProject Muse.$edistributor
=830  \0$aBook collections on Project MUSE.
=856  40$zFull text available: $uhttps://muse.jhu.edu/book/9332/
=945  \\$aProject MUSE - Archive Complete Foundation
=945  \\$aProject MUSE - Archive Poetry, Fiction and Creative Non-Fiction Foundation

