=LDR  02000cam a22004934a 4500
=001  musev2_9333
=003  MdBmJHUP
=005  20241011045707.0
=006  m\\\\\o\\d\\\\\\\\
=007  cr||||||||nn|n
=008  980820s1999\\\\utu\\\\\o\\\\\\00\0\eng\d
=010  \\$z   98040118 
=020  \\$a9780874213164
=020  \\$z9780874212587
=035  \\$a(OCoLC)42330336
=040  \\$aMdBmJHUP$cMdBmJHUP
=050  04$aPE1404$b.P38 1999
=082  0\$a808/.042/07$221
=245  00$aPassions Pedagogies and 21st Century Technologies / $cedited by Gail E. Hawisher, Cynthia L. Selfe.
=264  \1$aUrbana, Ill. :$bNational Council of Teachers of English,$c1999.
=264  \3$aBaltimore, Md. :$bProject MUSE, $c2012
=264  \4$c&copy;1999.
=300  \\$a1 online resource (460 pages): $bill. ;
=336  \\$atext$btxt$2rdacontent
=337  \\$acomputer$bc$2rdamedia
=338  \\$aonline resource$bcr$2rdacarrier
=504  \\$aIncludes bibliographical references (p. [425]-[441]) and index.
=506  0\$aOpen Access$fUnrestricted online access$2star
=588  \\$aDescription based on print version record.
=650  \0$aInformation technology.
=650  \0$aAcademic writing$xStudy and teaching$xData processing.
=650  \0$aAcademic writing$xStudy and teaching$xTechnological innovations.
=650  \0$aEnglish language$xComposition and exercises$xData processing.
=650  \0$aEnglish language$xRhetoric$xStudy and teaching$xData processing.
=650  \0$aEnglish language$xRhetoric$xStudy and teaching$xTechnological innovations.
=655  \7$aElectronic books. $2local
=700  1\$aSelfe, Cynthia L.,$d1951-
=700  1\$aHawisher, Gail E.
=710  2\$aNational Council of Teachers of English.
=710  2\$aProject Muse.$edistributor
=830  \0$aBook collections on Project MUSE.
=856  40$zFull text available: $uhttps://muse.jhu.edu/book/9333/
=945  \\$aProject MUSE - Archive Complete Foundation
=945  \\$aProject MUSE - Archive Higher Education Foundation

