=LDR  02171cam a22004814a 4500
=001  musev2_9334
=003  MdBmJHUP
=005  20241011045708.0
=006  m\\\\\o\\d\\\\\\\\
=007  cr||||||||nn|n
=008  990714s1999\\\\utu\\\\\o\\\\\\00\0\eng\d
=010  \\$z   99006764 
=020  \\$a9780874213546
=020  \\$z9780874212815
=020  \\$z9780874212822
=035  \\$a(OCoLC)44961072
=040  \\$aMdBmJHUP$cMdBmJHUP
=043  \\$an-us-ut
=050  04$aF826$b.O84 1999
=082  0\$a979.2/01$221
=245  00$aOver The Rim / $cWilliam B. Smart and Donna T. Smart, editors.
=264  \1$aLogan :$bUtah State University Press,$c1999.
=264  \3$aBaltimore, Md. :$bProject MUSE, $c2012
=264  \4$c&copy;1999.
=300  \\$a1 online resource (280 pages): $bill., maps ;
=336  \\$atext$btxt$2rdacontent
=337  \\$acomputer$bc$2rdamedia
=338  \\$aonline resource$bcr$2rdacarrier
=504  \\$aIncludes bibliographical references (p. 257-261) and index.
=505  0\$aPreface -- Introduction -- The journals -- Great Salt Lake to San Pete -- San Pete to the Little Salt Lake -- Over the rim to Dixie -- Exploration of Little Salt Lake and Cedar Valleys and beyond -- Reunion and celebration -- The long, cold trip home -- The official report -- Epilogue -- Appendices -- Related papers -- Biographies of expedition members -- Robert Campbell's Ute alphabet -- Robert Campbell's emigrant guides -- Bibliography -- Index.
=506  0\$aOpen Access$fUnrestricted online access$2star
=588  \\$aDescription based on print version record.
=651  \0$aUtah$xDiscovery and exploration.
=650  \0$aMormons$zUtah$xHistory$y19th century.
=600  10$aPratt, Parley P.$q(Parley Parker),$d1807-1857.
=655  \7$aElectronic books. $2local
=700  1\$aSmart, Donna Toland,$d1923-
=700  1\$aSmart, William B.$q(William Buckwalter),$d1922-
=710  2\$aProject Muse.$edistributor
=830  \0$aBook collections on Project MUSE.
=856  40$zFull text available: $uhttps://muse.jhu.edu/book/9334/
=945  \\$aProject MUSE - Archive Complete Foundation
=945  \\$aProject MUSE - Archive US Regional Studies, West Foundation

