=LDR  02021cam a22005414a 4500
=001  musev2_9337
=003  MdBmJHUP
=005  20241011045710.0
=006  m\\\\\o\\d\\\\\\\\
=007  cr||||||||nn|n
=008  990831s1999\\\\utu\\\\\o\\\\\\00\0\eng\d
=010  \\$z   99006901 
=020  \\$a9780874213553
=020  \\$z9780874212792
=020  \\$z9780874216882
=035  \\$a(OCoLC)45733444
=040  \\$aMdBmJHUP$cMdBmJHUP
=043  \\$an-us-ky$an-us---
=050  04$aCT275.C2976$bA3  1999
=082  0\$a973.9/092$aB$221
=100  1\$aCarmack, Effie Marquess,$d1885-1974.
=245  10$aOut Of The Black Patch : $bThe Autobiography of Effie Marquess Carmack / $cedited by Noel A. Carmack and Karen Lynn Davidson.
=264  \1$aLogan :$bUtah State University Press,$c1999.
=264  \3$aBaltimore, Md. :$bProject MUSE, $c2012
=264  \4$c&copy;1999.
=300  \\$a1 online resource (416 pages): $bill., maps ;
=336  \\$atext$btxt$2rdacontent
=337  \\$acomputer$bc$2rdamedia
=338  \\$aonline resource$bcr$2rdacarrier
=504  \\$aIncludes bibliographical references (p. 375-385) and index.
=506  0\$aOpen Access$fUnrestricted online access$2star
=588  \\$aDescription based on print version record.
=600  10$aCarmack, Effie Marquess,$d1885-1974.
=650  \0$aAuthors, American$vBiography.
=650  \0$aPainters$zUnited States$vBiography.
=650  \0$aFolk singers$zUnited States$vBiography.
=650  \0$aMormons$zKentucky$vBiography.
=650  \0$aFarm life$zKentucky.
=651  \0$aKentucky$vBiography.
=651  \0$aKentucky$xSocial life and customs.
=655  \7$aElectronic books. $2local
=700  1\$aDavidson, Karen Lynn.
=700  1\$aCarmack, Noel A.,$d1967-
=710  2\$aProject Muse.$edistributor
=830  \0$aBook collections on Project MUSE.
=856  40$zFull text available: $uhttps://muse.jhu.edu/book/9337/
=945  \\$aProject MUSE - Archive Complete Foundation
=945  \\$aProject MUSE - Archive US Regional Studies, West Foundation

