=LDR  01844cam a22005054a 4500
=001  musev2_9338
=003  MdBmJHUP
=005  20241011045710.0
=006  m\\\\\o\\d\\\\\\\\
=007  cr||||||||nn|n
=008  970317s1997\\\\utu\\\\\o\\\\\\00\0\eng\d
=010  \\$z   97004785 
=020  \\$a9780874213270
=020  \\$z9780874212747
=020  \\$z9780874212273
=035  \\$a(OCoLC)42854424
=040  \\$aMdBmJHUP$cMdBmJHUP
=043  \\$an-usp--$an-us-il
=050  04$aF593.S45$bA3 1997
=082  0\$a978/.02/092$aB$221
=100  1\$aSessions, Patty Bartlett,$d1795-1892.
=245  10$aMormon Midwife / $cedited by Donna Toland Smart.
=264  \1$aLogan, Utah :$bUtah State University Press,$c1997.
=264  \3$aBaltimore, Md. :$bProject MUSE, $c2012
=264  \4$c&copy;1997.
=300  \\$a1 online resource (471 pages): $bill. ;
=336  \\$atext$btxt$2rdacontent
=337  \\$acomputer$bc$2rdamedia
=338  \\$aonline resource$bcr$2rdacarrier
=504  \\$aIncludes bibliographical references (p. 409-415) and index.
=506  0\$aOpen Access$fUnrestricted online access$2star
=588  \\$aDescription based on print version record.
=600  10$aSessions, Patty Bartlett,$d1795-1892$xDiaries.
=650  \0$aFrontier and pioneer life$zWest (U.S.)
=650  \0$aMormon women$zWest (U.S.)$xDiaries.
=650  \0$aMidwives$zWest (U.S.)$xDiaries.
=650  \0$aWomen pioneers$zWest (U.S.)$xDiaries.
=651  \0$aNauvoo (Ill.)$xBiography.
=655  \7$aElectronic books. $2local
=700  1\$aSmart, Donna Toland,$d1923-
=710  2\$aProject Muse.$edistributor
=830  \0$aBook collections on Project MUSE.
=856  40$zFull text available: $uhttps://muse.jhu.edu/book/9338/
=945  \\$aProject MUSE - Archive Complete Foundation
=945  \\$aProject MUSE - Archive US Regional Studies, West Foundation

