=LDR  01632cam a22004574a 4500
=001  musev2_9339
=003  MdBmJHUP
=005  20241011045711.0
=006  m\\\\\o\\d\\\\\\\\
=007  cr||||||||nn|n
=008  020501s2002\\\\utu\\\\\o\\\\\\00\0\eng\d
=010  \\$z  2002006674
=020  \\$a9780874214628
=020  \\$z9780874214390
=035  \\$a(OCoLC)51978258
=040  \\$aMdBmJHUP$cMdBmJHUP
=043  \\$an-us-ut
=050  04$aLA2317$b.T488 2002
=082  0\$a378.1/2/092$aB$221
=100  1\$aThorne, Alison Comish.
=245  10$aLeave The Dishes In The Sink / $cAlison Comish Thorne.
=264  \1$aLogan, Utah :$bUtah State University Press,$c2002.
=264  \3$aBaltimore, Md. :$bProject MUSE, $c2012
=264  \4$c&copy;2002.
=300  \\$a1 online resource (294 pages): $bill. ;
=336  \\$atext$btxt$2rdacontent
=337  \\$acomputer$bc$2rdamedia
=338  \\$aonline resource$bcr$2rdacarrier
=504  \\$aIncludes bibliographical references (p. 248-273) and index.
=506  0\$aOpen Access$fUnrestricted online access$2star
=588  \\$aDescription based on print version record.
=600  10$aThorne, Alison Comish.
=650  \0$aFeminism and education$zUtah.
=650  \0$aWomen college teachers$zUtah$vBiography.
=650  \0$aCollege teachers$zUtah$vBiography.
=655  \7$aElectronic books. $2local
=710  2\$aProject Muse.$edistributor
=830  \0$aBook collections on Project MUSE.
=856  40$zFull text available: $uhttps://muse.jhu.edu/book/9339/
=945  \\$aProject MUSE - Archive Complete Foundation
=945  \\$aProject MUSE - Archive US Regional Studies, West Foundation

