=LDR  02419cam a22005294a 4500
=001  musev2_9341
=003  MdBmJHUP
=005  20241011045714.0
=006  m\\\\\o\\d\\\\\\\\
=007  cr||||||||nn|n
=008  940914r19951986utu\\\\\o\\\\\\00\0\eng\d
=010  \\$z   94036862 
=020  \\$a9780874213096
=020  \\$z9780874211801
=035  \\$a(OCoLC)42330956
=040  \\$aMdBmJHUP$cMdBmJHUP
=043  \\$an-us---
=050  04$aE93$b.I466 1995
=082  0\$a323.1/197073/0904$220
=245  00$aIndian Self Rule : $bFirst-Hand Accounts of Indian-White Relations from Roosevelt to Reagan / $cedited by Kenneth R. Philp ; with forewords by Floyd A. O'Neil, Alvin M. Josephy, Jr., and E. Richard Hart.
=264  \1$aLogan, Utah :$bUtah State University Press,$c1995.
=264  \3$aBaltimore, Md. :$bProject MUSE, $c2012
=264  \4$c&copy;1995.
=300  \\$a1 online resource (354 pages): $bill. ;
=336  \\$atext$btxt$2rdacontent
=337  \\$acomputer$bc$2rdamedia
=338  \\$aonline resource$bcr$2rdacarrier
=500  \\$aContains papers which evolved from the Conference on Indian Self-Rule, sponsored by the Institute of the American West and held in Sun Valley, Idaho from Aug. 17-20, 1983.
=500  \\$aOriginally published: Salt Lake City, Utah : Howe Bros., 1986. With new foreword.
=504  \\$aIncludes bibliographical references (p. 326-335) and index.
=506  0\$aOpen Access$fUnrestricted online access$2star
=588  \\$aDescription based on print version record.
=650  \0$aSelf-determination, National$zUnited States.
=650  \0$aIndians of North America$xSocial conditions.
=650  \0$aIndians of North America$xPolitics and government.
=650  \0$aIndians of North America$xGovernment relations$y1934-
=610  20$aUnited States.$tIndian Reorganization Act.
=655  \7$aElectronic books. $2local
=700  1\$aPhilp, Kenneth R.,$d1941-
=710  2\$aInstitute of the American West.
=711  2\$aConference on Indian Self-Rule$d(1983 :$cSun Valley, Idaho)
=710  2\$aProject Muse.$edistributor
=830  \0$aBook collections on Project MUSE.
=856  40$zFull text available: $uhttps://muse.jhu.edu/book/9341/
=945  \\$aProject MUSE - Archive Complete Foundation
=945  \\$aProject MUSE - Archive Political Science and Policy Studies Foundation
=945  \\$aProject MUSE - Archive Native American and Indigenous Studies Foundation

