=LDR  02786cam a22004574a 4500
=001  musev2_9343
=003  MdBmJHUP
=005  20241011045716.0
=006  m\\\\\o\\d\\\\\\\\
=007  cr||||||||nn|n
=008  980305s1998\\\\utu\\\\\o\\\\\\00\0\eng\d
=010  \\$z   98009028 
=020  \\$a9780874213669
=020  \\$z9780874212426
=035  \\$a(OCoLC)699521181
=040  \\$aMdBmJHUP$cMdBmJHUP
=043  \\$an-us-ut
=050  04$aF826.6$b.S35 1998
=082  0\$a979.2$221
=100  1\$aSchindler, Harold,$d1929-
=245  10$aIn Another Time / $cHarold Schindler.
=264  \1$aLogan, Utah :$bUtah State University Press,$c1998.
=264  \3$aBaltimore, Md. :$bProject MUSE, $c2012
=264  \4$c&copy;1998.
=300  \\$a1 online resource (211 pages): $bill., maps ;
=336  \\$atext$btxt$2rdacontent
=337  \\$acomputer$bc$2rdamedia
=338  \\$aonline resource$bcr$2rdacarrier
=500  \\$a"First published in The Salt Lake tribune."
=504  \\$aIncludes bibliographical references (p. 191) and index.
=505  0\$aThe first Utahns, 11,000 B.P. to A.D. 1776 -- Mountain men: opening the gate to Western expansion, 1803-1840 -- The ways west: California-Oregon dream lures scores to Utah and beyond, 1841-1846 -- Ho! for the Great Salt Lake: Mormons give up livelihoods in a rush for the Promised Land, 1846-1847 -- Great Salt Lake Valley, "the place": first few years in "Deseret" test pioneers' mettle, 1847-1850 -- Fort for Davy Crockett -- Fremont and Carson leave a mark on a Great Salt Lake island -- Gone fishin' -- What's in a name? Samuel Hensley not Hansel discovers a cutoff -- A war of extermination -- Spanish doubloons and Mormon gold -- Utah strikes it rich in 1849 -- Supply and demand in the Old West -- Have you seen the elephant? -- Firearms: a dangerous necessity in the old west -- A handbook for America's pioneers -- Pulling toward Zion: Young calls flock to travel to mountain home by handcart, 1850 1856 -- The Utah War: the hold Mormons had on Utah is broken, 1857 1858 -- Territory in transition: Army arrives to stay; governors and Pony Express come and go, 1858 1869 -- Browsing through early newspapers -- Frontier medicine -- Timely gull on the Great Salt Lake -- The great camel experiment
=506  0\$aOpen Access$fUnrestricted online access$2star
=588  \\$aDescription based on print version record.
=651  \0$aUtah$xHistory$xAnecdotes.
=650  \0$aMormon pioneers$xAnecdotes.
=655  \7$aElectronic books. $2local
=710  2\$aProject Muse.$edistributor
=830  \0$aBook collections on Project MUSE.
=856  40$zFull text available: $uhttps://muse.jhu.edu/book/9343/
=945  \\$aProject MUSE - Archive Complete Foundation
=945  \\$aProject MUSE - Archive US Regional Studies, West Foundation

