=LDR  01818cam a22004934a 4500
=001  musev2_9344
=003  MdBmJHUP
=005  20241011045716.0
=006  m\\\\\o\\d\\\\\\\\
=007  cr||||||||nn|n
=008  940503s1994\\\\utu\\\\\o\\\\\\00\0\eng\d
=010  \\$z   94017577 
=020  \\$a9780874213799
=020  \\$z9780874211795
=035  \\$a(OCoLC)706077300
=040  \\$aMdBmJHUP$cMdBmJHUP
=043  \\$aa-ja---
=050  04$aGR340$b.I868 1994
=082  0\$a398.2/0952/05$220
=100  1\$aIwasaka, Michiko,$d1945-
=245  10$aGhosts And The Japanese : $bCultural Experience in Japanese Death Legends / $cby Michiko Iwasaka and Barre Toelken.
=264  \1$aLogan, Utah :$bUtah State University Press,$c1994.
=264  \3$aBaltimore, Md. :$bProject MUSE, $c2012
=264  \4$c&copy;1994.
=300  \\$a1 online resource (162 pages): $bill. (some col.) ;
=336  \\$atext$btxt$2rdacontent
=337  \\$acomputer$bc$2rdamedia
=338  \\$aonline resource$bcr$2rdacarrier
=504  \\$aIncludes bibliographical references (p. 125-131) and index.
=506  0\$aOpen Access$fUnrestricted online access$2star
=588  \\$aDescription based on print version record.
=650  \0$aFuneral rites and ceremonies$zJapan.
=650  \0$aLegends$zJapan$xHistory and criticism.
=650  \0$aDeath$xSocial aspects$zJapan.
=650  \0$aDeath$zJapan$xFolklore.
=650  \0$aFolklore$zJapan.
=651  \0$aJapan$xSocial life and customs.
=655  \7$aElectronic books. $2local
=700  1\$aToelken, Barre.
=710  2\$aProject Muse.$edistributor
=830  \0$aBook collections on Project MUSE.
=856  40$zFull text available: $uhttps://muse.jhu.edu/book/9344/
=945  \\$aProject MUSE - Archive Complete Foundation
=945  \\$aProject MUSE - Archive Global Cultural Studies Foundation

