=LDR  02040cam a22003974a 4500
=001  musev2_9345
=003  MdBmJHUP
=005  20241011045717.0
=006  m\\\\\o\\d\\\\\\\\
=007  cr||||||||nn|n
=008  980330s1998\\\\utu\\\\\o\\\\\\00\0\eng\d
=010  \\$z   98009094 
=020  \\$a9780874213195
=020  \\$z9780874212488
=035  \\$a(OCoLC)42854288
=040  \\$aMdBmJHUP$cMdBmJHUP
=050  04$aPS3573.I449754$bH35 1998
=082  0\$a811/.54$221
=100  1\$aWilliams, Lisa,$d1966-
=245  14$aHammered Dulcimer / $cby Lisa Williams.
=264  \1$aLogan, Utah :$bUtah State University Press,$c1998.
=264  \3$aBaltimore, Md. :$bProject MUSE, $c2012
=264  \4$c&copy;1998.
=300  \\$a1 online resource (76 pages).
=336  \\$atext$btxt$2rdacontent
=337  \\$acomputer$bc$2rdamedia
=338  \\$aonline resource$bcr$2rdacarrier
=505  0\$aThe direction of shadow -- Sunday morning -- Interruption of flight -- Yellow bird -- What the wind said to the girl who was afraid -- The fall -- The tenderness -- The hammered dulcimer -- Complaint -- Eve, after eating -- Man walking -- Black horses -- The growth -- Manners, 1977 -- A spider -- The man by the river -- Banquet -- To night -- On the nature of beauty -- Romantic relief -- Negation -- Landscape -- A wind in place -- Crater -- On a worm descending a thread -- A story of swans -- God put the noose around my neck -- The grasshopper -- The end of spring -- In the abstract -- Ambivalence -- The chant -- A forward spring -- Rattlesnake -- In the valley -- After a line of Plato.
=506  0\$aOpen Access$fUnrestricted online access$2star
=588  \\$aDescription based on print version record.
=655  \7$aElectronic books. $2local
=710  2\$aProject Muse.$edistributor
=830  \0$aBook collections on Project MUSE.
=856  40$zFull text available: $uhttps://muse.jhu.edu/book/9345/
=945  \\$aProject MUSE - Archive Complete Foundation
=945  \\$aProject MUSE - Archive Poetry, Fiction and Creative Non-Fiction Foundation

