=LDR  01812cam a22004814a 4500
=001  musev2_9346
=003  MdBmJHUP
=005  20241011045717.0
=006  m\\\\\o\\d\\\\\\\\
=007  cr||||||||nn|n
=008  980529s1998\\\\utu\\\\\o\\\\\\00\0\eng\d
=010  \\$z   98025354 
=020  \\$a9780874213058
=020  \\$z9780874216431
=020  \\$z9780874212525
=035  \\$a(OCoLC)42329287
=040  \\$aMdBmJHUP$cMdBmJHUP
=043  \\$an-usp--$an-us-ca$an-us-ut
=050  04$aF593.B65$bB57 1998
=082  0\$a978/.02/092$aB$221
=100  1\$aBishop, Michael Guy,$d1951-
=245  10$aHistory Of Louisa Barnes Pratt : $bThe Autobiography of a Mormon Missionary Widow and Pioneer / $cM. Guy Bishop.
=264  \1$aLogan, Utah :$bUtah State University Press,$c1998.
=264  \3$aBaltimore, Md. :$bProject MUSE, $c2012
=264  \4$c&copy;1998.
=300  \\$a1 online resource (448 pages): $bill., maps ;
=336  \\$atext$btxt$2rdacontent
=337  \\$acomputer$bc$2rdamedia
=338  \\$aonline resource$bcr$2rdacarrier
=504  \\$aIncludes bibliographical references (p. [191]-203) and index.
=506  0\$aOpen Access$fUnrestricted online access$2star
=588  \\$aDescription based on print version record.
=600  10$aBigler, Henry William,$d1815-1900.
=650  \0$aMormon missionaries$zWest (U.S.)$xBiography.
=650  \0$aPioneers$zWest (U.S.)$xBiography.
=651  \0$aFarmington (Utah)$xBiography.
=651  \0$aCalifornia$xGold discoveries.
=655  \7$aElectronic books. $2local
=710  2\$aProject Muse.$edistributor
=830  \0$aBook collections on Project MUSE.
=856  40$zFull text available: $uhttps://muse.jhu.edu/book/9346/
=945  \\$aProject MUSE - Archive Complete Foundation
=945  \\$aProject MUSE - Archive US Regional Studies, West Foundation

