=LDR  02113cam a22004694a 4500
=001  musev2_9348
=003  MdBmJHUP
=005  20241011045719.0
=006  m\\\\\o\\d\\\\\\\\
=007  cr||||||||nn|n
=008  971114s1998\\\\utu\\\\\o\\\\\\00\0\eng\d
=010  \\$z   97045342 
=020  \\$a9780874213645
=020  \\$z9780874212396
=020  \\$z9780874216417
=035  \\$a(OCoLC)44955767
=040  \\$aMdBmJHUP$cMdBmJHUP
=043  \\$an-us---
=050  04$aGR105$b.B67 1998
=082  0\$a398/.0973$221
=100  1\$aBronner, Simon J.
=245  10$aFollowing Tradition : $bFolklore in the Discourse of American Culture / $cSimon J. Bronner.
=264  \1$aLogan, Utah :$bUtah State University Press,$c1998.
=264  \3$aBaltimore, Md. :$bProject MUSE, $c2012
=264  \4$c&copy;1998.
=300  \\$a1 online resource (616 pages): $bill. ;
=336  \\$atext$btxt$2rdacontent
=337  \\$acomputer$bc$2rdamedia
=338  \\$aonline resource$bcr$2rdacarrier
=504  \\$aIncludes bibliographical references (p. 518-589) and index.
=505  0\$aThe problem of tradition -- Folklore and ideology during the Gilded Age -- The English connection, from cultural survivals to cultural studies -- Studies -- The Americanization of the Brothers Grimm -- Martha Warren Beckwith and the rise of academic authority -- Alfred Shoemaker and the discovery of American folklife -- Henry W. Shoemaker and the fable of public folklore -- Richard Dorson and the great debates -- Displaying American tradition in folk arts.
=506  0\$aOpen Access$fUnrestricted online access$2star
=588  \\$aDescription based on print version record.
=650  \0$aOral tradition$zUnited States.
=650  \0$aFolklore$zUnited States.
=651  \0$aUnited States$xSocial life and customs.
=655  \7$aElectronic books. $2local
=710  2\$aProject Muse.$edistributor
=830  \0$aBook collections on Project MUSE.
=856  40$zFull text available: $uhttps://muse.jhu.edu/book/9348/
=945  \\$aProject MUSE - Archive Complete Foundation
=945  \\$aProject MUSE - Archive Global Cultural Studies Foundation

