=LDR  01910cam a22004574a 4500
=001  musev2_9351
=003  MdBmJHUP
=005  20241011045720.0
=006  m\\\\\o\\d\\\\\\\\
=007  cr||||||||nn|n
=008  010611s2001\\\\utu\\\\\o\\\\\\00\0\eng\d
=010  \\$z  2001003523
=020  \\$a9780874214581
=020  \\$z9780874214482
=035  \\$a(OCoLC)51733417
=040  \\$aMdBmJHUP$cMdBmJHUP
=050  04$aLB2369$b.D38 2001
=082  0\$a808/.02$221
=100  1\$aDay, Kami,$d1950-
=245  10$aFirst Person Squared : $bA Study of Co-Authoring in the Academy / $cKami Day, Michele Eodice.
=264  \1$aLogan :$bUtah State University Press,$c2001.
=264  \3$aBaltimore, Md. :$bProject MUSE, $c2012
=264  \4$c&copy;2001.
=300  \\$a1 online resource (215 pages).
=336  \\$atext$btxt$2rdacontent
=337  \\$acomputer$bc$2rdamedia
=338  \\$aonline resource$bcr$2rdacarrier
=504  \\$aIncludes bibliographical references (p. [190]-200 ) and index.
=505  0\$aHow we came to write this book -- Why study academic co-authors? -- Why call successful co-authoring feminine? -- Completion of caring : successful co-authoring as relationship -- What they do : how the co-authors view their collaborative writing process -- Co-authored scholarship and academia -- Learning to care.
=506  0\$aOpen Access$fUnrestricted online access$2star
=588  \\$aDescription based on print version record.
=650  \0$aGroup work in education.
=650  \0$aAuthorship$xCollaboration.
=650  \0$aAcademic writing.
=655  \7$aElectronic books. $2local
=700  1\$aEodice, Michele,$d1957-
=710  2\$aProject Muse.$edistributor
=830  \0$aBook collections on Project MUSE.
=856  40$zFull text available: $uhttps://muse.jhu.edu/book/9351/
=945  \\$aProject MUSE - Archive Complete Foundation
=945  \\$aProject MUSE - Archive Higher Education Foundation

