=LDR  03446cam a22005294a 4500
=001  musev2_9394
=003  MdBmJHUP
=005  20241011045750.0
=006  m\\\\\o\\d\\\\\\\\
=007  cr||||||||nn|n
=008  070719s2007\\\\utu\\\\\o\\\\\\00\0\eng\d
=020  \\$a9780874216752
=020  \\$z9780874216738
=035  \\$a(OCoLC)646819461
=040  \\$aMdBmJHUP$cMdBmJHUP
=245  00$aFolklore/Cinema : $bPopular Film as Vernacular Culture / $cedited by Sharon R. Sherman and Mikel J. Koven.
=264  \1$aLogan :$bUtah State University Press,$c2007.
=264  \3$aBaltimore, Md. :$bProject MUSE, $c2012
=264  \4$c©2007.
=300  \\$a1 online resource (238 pages): $billustrations
=336  \\$atext$btxt$2rdacontent
=337  \\$acomputer$bc$2rdamedia
=338  \\$aonline resource$bcr$2rdacarrier
=505  00$t"I' y ava't un' fois" (once upon a time) /$rGillian Helfield --$tElvis Gratton /$rJulie M-A Leblanc --$tA strange and foreign world /$rRebecca Prime --$tPc Pinocchios /$rHolly Blackford --$tFrom jinn to genies /$rMark Allen Peterson --$t"Now that I have it, I don't want it" /$rJames A. Miller --$tMärchen as trauma narrative /$rMargarete Johanna Landwehr --$tThe three faces in Eve's bayou /$rTarshia L. Stanley --$tAllegories of the undead /$rCarol E. Henderson --$tThe virgin victim /$rK.A. Laity --$tBeyond communitas /$rLuAnne Roth.
=506  0\$aOpen Access$fUnrestricted online access$2star
=520  \\$a"Interest in the conjunctions of film and folklore is stronger and more diverse than ever. Documentaries on folk life and expression remain a vital genre, but scholars such as Sharon Sherman and Mikel Koven also are exploring how folklore elements appear in, and merge with, popular cinema. They look at how movies, a popular culture medium, can as well be both a medium and type of folklore, playing cultural roles and conveying meanings customarily found in other folkloric forms. They thus use the methodology of folklore studies to analyze films made for commercial distribution. The contributors to this book look at film and folklore convergences, showing how cinema conveys vernacular culture in traditional and popular venues. Folklore/Cinema will be of interest to scholars from many fields---folklore, film studies, popular culture, American studies, history, anthropology, and literature among them---and will help introduce students in various courses to intersections of film and culture."--Publisher's description
=546  \\$aEnglish.
=588  \\$aDescription based on print version record.
=650  \7$aMotion pictures$2fast
=650  \7$aFolklore in motion pictures$2fast
=650  \7$aCulture in motion pictures$2fast
=650  \7$aSOCIAL SCIENCE$xGeneral.$2bisacsh
=650  \7$aPERFORMING ARTS$xFilm & Video$xReference.$2bisacsh
=650  \6$aCinema.
=650  \6$aCulture au cinema.
=650  \6$aFolklore au cinema.
=650  \0$aCulture in motion pictures.
=650  \0$aFolklore in motion pictures.
=650  \0$aMotion pictures.
=655  \7$aElectronic books. $2local
=700  1\$aKoven, Mikel J.,$eeditor.
=700  1\$aSherman, Sharon R.,$eeditor.
=710  2\$aProject Muse.$edistributor
=830  \0$aBook collections on Project MUSE.
=856  40$zFull text available: $uhttps://muse.jhu.edu/book/9394/
=945  \\$aProject MUSE - Archive Complete Foundation
=945  \\$aProject MUSE - Archive Film, Theater and Performing Arts Foundation

