=LDR  01652cam a22004574a 4500
=001  musev2_9397
=003  MdBmJHUP
=005  20241011045752.0
=006  m\\\\\o\\d\\\\\\\\
=007  cr||||||||nn|n
=008  070615s2007\\\\utu\\\\\o\\\\\\00\0\eng\d
=010  \\$z  2007025178
=020  \\$a9780874216813
=020  \\$z9780874216363
=035  \\$a(OCoLC)476175527
=040  \\$aMdBmJHUP$cMdBmJHUP
=050  04$aGR580$b.G65 2007
=082  0\$a398/.47$222
=100  1\$aGoldstein, Diane E.
=245  10$aHaunting Experiences : $bGhosts in Contemporary Folklore / $cDiane E. Goldstein, Sylvia Ann Grider, Jeannie Banks Thomas.
=264  \1$aLogan, Utah :$bUtah State University Press,$c2007.
=264  \3$aBaltimore, Md. :$bProject MUSE, $c2012
=264  \4$c&copy;2007.
=300  \\$a1 online resource (280 pages): $bill. ;
=336  \\$atext$btxt$2rdacontent
=337  \\$acomputer$bc$2rdamedia
=338  \\$aonline resource$bcr$2rdacarrier
=504  \\$aIncludes bibliographical references (p. 234-249), filmography (p. 250-252) and index.
=506  0\$aOpen Access$fUnrestricted online access$2star
=588  \\$aDescription based on print version record.
=650  \0$aHaunted places.
=650  \0$aSupernatural.
=650  \0$aGhosts.
=655  \7$aElectronic books. $2local
=700  1\$aThomas, Jeannie B.
=700  1\$aGrider, Sylvia Ann.
=710  2\$aProject Muse.$edistributor
=830  \0$aBook collections on Project MUSE.
=856  40$zFull text available: $uhttps://muse.jhu.edu/book/9397/
=945  \\$aProject MUSE - Archive Complete Foundation
=945  \\$aProject MUSE - Archive Global Cultural Studies Foundation

