=LDR  01556cam a22004454a 4500
=001  musev2_9398
=003  MdBmJHUP
=005  20241011045752.0
=006  m\\\\\o\\d\\\\\\\\
=007  cr||||||||nn|n
=008  010103s2001\\\\utu\\\\\o\\\\\\00\0\eng\d
=010  \\$z   00013261 
=020  \\$a9780874214543
=020  \\$z9780874214109
=020  \\$z9780874214116
=035  \\$a(OCoLC)54439127
=040  \\$aMdBmJHUP$cMdBmJHUP
=050  04$aGR880$b.H43 2001
=082  0\$a398/.353$221
=245  00$aHealing Logics : $bCulture and Medicine in Modern Health Belief Systems / $cedited by Erika Brady.
=264  \1$aLogan, Utah :$bUtah State University Press,$c2001.
=264  \3$aBaltimore, Md. :$bProject MUSE, $c2012
=264  \4$c&copy;2001.
=300  \\$a1 online resource (296 pages).
=336  \\$atext$btxt$2rdacontent
=337  \\$acomputer$bc$2rdamedia
=338  \\$aonline resource$bcr$2rdacarrier
=504  \\$aIncludes bibliographical references and index.
=506  0\$aOpen Access$fUnrestricted online access$2star
=588  \\$aDescription based on print version record.
=650  \0$aMedical anthropology.
=650  \0$aHealing.
=650  \0$aTraditional medicine.
=655  \7$aElectronic books. $2local
=700  1\$aBrady, Erika,$d1952-
=710  2\$aProject Muse.$edistributor
=830  \0$aBook collections on Project MUSE.
=856  40$zFull text available: $uhttps://muse.jhu.edu/book/9398/
=945  \\$aProject MUSE - Archive Complete Foundation
=945  \\$aProject MUSE - Archive Global Cultural Studies Foundation

