=LDR  02778cam a22004334a 4500
=001  musev2_9399
=003  MdBmJHUP
=005  20241011045753.0
=006  m\\\\\o\\d\\\\\\\\
=007  cr||||||||nn|n
=008  240111s2001\\\\xx\\\\\\o\\\\\\00\0\und\d
=020  \\$a9780874214659
=020  \\$z9780874214260
=020  \\$z9780874214253
=035  \\$a(OCoLC)52094406
=040  \\$aMdBmJHUP$cMdBmJHUP
=100  1\$aAdams, Eilean$eVerfasserIn.$4aut
=245  10$aHell Or High Water : $bJames White's Disputed Passage through Grand Canyon, 1867
=264  \1$a[Erscheinungsort nicht ermittelbar]$bUniversity Press of Colorado$c2001
=264  \3$aBaltimore, Md. :$bProject MUSE, $c2012
=264  \4$c&copy;2001
=300  \\$a1 online resource.
=336  \\$atext$btxt$2rdacontent
=337  \\$acomputer$bc$2rdamedia
=338  \\$aonline resource$bcr$2rdacarrier
=506  0\$aOpen Access$fUnrestricted online access$2star
=520  \\$aAlthough John Wesley Powell and party are usually given credit for the first river descent through the Grand Canyon, the ghost of James White has haunted those claims. White was a Colorado prospector, who, almost two years before Powell's journey, washed up on a makeshift raft at Callville, Nevada. His claim to have entered the Colorado above the San Juan River with another man (soon drowned) as they fled from Indians was widely disseminated and believed for a time, but Powell and his successors on the river publically discounted it. Colorado River runners and historians have since debated whether White's passage through Grand Canyon even could have happened. Hell or High Water is the first full account of White's story and how it became distorted and he disparaged over time. It is also a fascinating detective story, recounting how White's granddaughter, Eilean Adams, over decades and with the assistance of a couple of notable Colorado River historians who believed he could have done what he claimed, gradually uncovered the record of James White's adventure and put together a plausible narrative of how and why he ended up floating helplessly down a turbulent river, entrenched in massive cliffs, with nothing but a driftwood raft to carry him through.
=546  \\$aEnglish.
=588  \\$aDescription based on print version record.
=650  \4$aThe Earth: natural history general.
=650  \4$aGeneral & world history.
=650  \4$aHistory of the Americas.
=650  \4$aHumanities.
=655  \7$aElectronic books. $2local
=710  2\$aProject Muse.$edistributor
=830  \0$aBook collections on Project MUSE.
=856  40$zFull text available: $uhttps://muse.jhu.edu/book/9399/
=945  \\$aProject MUSE - Archive Complete Foundation
=945  \\$aProject MUSE - Archive US Regional Studies, West Foundation

