=LDR  04253cam a22005654a 4500
=001  musev2_9400
=003  MdBmJHUP
=005  20241011045754.0
=006  m\\\\\o\\d\\\\\\\\
=007  cr||||||||nn|n
=008  120329r20122003utu\\\\\o\\\\\\00\0\eng\d
=020  \\$a9780874213836
=020  \\$z9780913738498
=020  \\$z9780913738481
=035  \\$a(OCoLC)708059539
=040  \\$aMdBmJHUP$cMdBmJHUP
=043  \\$an-us-ut
=050  \4$aE78.U55$bH58 2003
=245  02$aHistory Of Utah's American Indians / $cedited by Forrest S. Cuch ; with chapters by David Begay ... [et al.].
=250  \\$aPbk. ed.
=264  \1$aLogan, Utah :$bDistributed to the Book trade by Utah State University Press,$c2003.
=264  \3$aBaltimore, Md. :$bProject MUSE, $c2012
=264  \4$c&copy;2003.
=300  \\$a1 online resource (416 pages): $bill. (some col.), map, digital file.
=336  \\$atext$btxt$2rdacontent
=337  \\$acomputer$bc$2rdamedia
=338  \\$aonline resource$bcr$2rdacarrier
=500  \\$aIssued as part of book collections on Project MUSE.
=500  \\$aThis book is a joint project of the Utah Division of Indian Affairs and the Utah State Historical Society. It is distributed to the book trade by Utah State University Press.
=500  \\$aOriginal copyright, 2000.
=504  \\$aIncludes bibliographical references (p. 369-380) and index.
=505  0\$aIntroduction / Forrest S. Cuch -- Setting the stage: Native America revisited / Robert S. McPherson -- The northwestern Shoshone / Mae Parry -- The Goshute Indians of Utah / Dennis R. Defa -- The Paiute Tribe of Utah / Gary Tom and Ronald Holt -- The northern Utes of Utah / Clifford Duncan -- The White Mesa Utes / Robert S. McPherson and Mary Jane Yazzie -- The Navajos / Nancy Maryboy and David Begay -- Conclusion: The contemporary status of Utah Indians / Robert S. McPherson.
=506  0\$aOpen Access$fUnrestricted online access$2star
=520  \\$aThe valleys, mountains, and deserts of Utah have been home to native peoples for thousands of years. Like peoples around the word, Utah's native inhabitants organized themselves in family units, groups, bands, clans, and tribes. Today, six Indian tribes in Utah are recognized as official entities. They include the Northwestern Shoshone, the Goshutes, the Paiutes, the Utes, the White Mesa or Southern Utes, and the Navajos (Dineh). Each tribe has its own government. Tribe members are citizens of Utah and the United States; however, lines of distinction both within the tribes and with the greater society at large have not always been clear. Migration, interaction, war, trade, intermarriage, common threats, and challenges have made relationships and affiliations more fluid than might be expected. In this volume, the editor and authors endeavor to write the history of Utah's first residents from an Indian perspective. An introductory chapter provides an overview of Utah's American Indians and a concluding chapter summarizes the issues and concerns of contemporary Indians and their leaders. Chapters on each of the six tribes look at origin stories, religion, politics, education, folkways, family life, social activities, economic issues, and important events. They provide an introduction to the rich heritage of Utah's native peoples. This book includes chapters by David Begay, Dennis Defa, Clifford Duncan, Ronald Holt, Nancy Maryboy, Robert McPherson, Mae Parry, Gary Tom, and Mary Jane Yazzie.
=588  \\$aDescription based on print version record.
=641  \0$aUtah$xHistory.
=650  \0$aIndians of North America$zUtah$xHistory.
=655  \7$aElectronic books. $2local
=700  1\$aBegay, David.
=700  1\$aCuch, Forrest S.
=710  2\$aProject Muse.
=710  2\$aUtah.$bDivision of Indian Affairs.
=710  2\$aUtah.$bDivision of State History.
=776  18$iPrint version:$z9780913738498
=710  2\$aProject Muse.$edistributor
=830  \0$aBook collections on Project MUSE.
=856  40$zFull text available: $uhttps://muse.jhu.edu/book/9400/
=945  \\$aProject MUSE - Archive Complete Foundation
=945  \\$aProject MUSE - Archive US Regional Studies, West Foundation
=945  \\$aProject MUSE - Archive Native American and Indigenous Studies Foundation

