=LDR  01842cam a22004814a 4500
=001  musev2_9401
=003  MdBmJHUP
=005  20241011045754.0
=006  m\\\\\o\\d\\\\\\\\
=007  cr||||||||nn|n
=008  090825s2009\\\\utu\\\\\o\\\\\\00\0\eng\d
=010  \\$z  2009034622
=020  \\$a9780874217605
=020  \\$z9780874217599
=035  \\$a(OCoLC)593240108
=040  \\$aMdBmJHUP$cMdBmJHUP
=050  04$aPS3607.O884$bJ47 2009
=082  0\$a813/.6$222
=100  1\$aGould, Claudia.
=245  10$aJesus in America and Other Stories from the Field / $cClaudia Gould ; foreword by Lee Haring.
=264  \1$aLogan, Utah :$bUtah State University Press,$c2009.
=264  \3$aBaltimore, Md. :$bProject MUSE, $c2012
=264  \4$c&copy;2009.
=300  \\$a1 online resource (124 pages).
=336  \\$atext$btxt$2rdacontent
=337  \\$acomputer$bc$2rdamedia
=338  \\$aonline resource$bcr$2rdacarrier
=504  \\$aIncludes bibliographical references.
=505  0\$aJesus in America -- A red crayon -- The mountains of spices -- Personal storage -- A moment of rapture -- Jack at the mercy seat.
=506  0\$aOpen Access$fUnrestricted online access$2star
=588  \\$aDescription based on print version record.
=650  \0$aProtestants$zNorth Carolina$vFiction.
=650  \0$aEthnology$vFiction.
=650  \0$aParables.
=650  \0$aReligious fiction, American.
=651  \0$aMorganton (N.C.)$xSocial life and customs$vFiction.
=655  \0$aShort stories, American.
=655  \7$aElectronic books. $2local
=710  2\$aProject Muse.$edistributor
=830  \0$aBook collections on Project MUSE.
=856  40$zFull text available: $uhttps://muse.jhu.edu/book/9401/
=945  \\$aProject MUSE - Archive Complete Foundation
=945  \\$aProject MUSE - Archive Poetry, Fiction and Creative Non-Fiction Foundation

