=LDR  01706cam a22004454a 4500
=001  musev2_9402
=003  MdBmJHUP
=005  20241011045755.0
=006  m\\\\\o\\d\\\\\\\\
=007  cr||||||||nn|n
=008  081202s2009\\\\utu\\\\\o\\\\\\00\0\eng\d
=010  \\$z  2008051557
=020  \\$a9780874217100
=020  \\$z9780874217094
=035  \\$a(OCoLC)699513564
=040  \\$aMdBmJHUP$cMdBmJHUP
=043  \\$an-usp--
=050  04$aSB439.24.G74$bM48 2009
=082  0\$a635.90979$222
=100  1\$aMeyer, Susan E.
=245  10$aLandscaping on the New Frontier : $bWaterwise Design for the Intermountain West / $cSusan E. Meyer ... [et al.] ; illustrations by Bettina Schultz.
=264  \1$aLogan, Utah :$bUtah State University Press,$c2009.
=264  \3$aBaltimore, Md. :$bProject MUSE, $c2012
=264  \4$c&copy;2009.
=300  \\$a1 online resource (256 pages): $bill. (chiefly col.), col. map ;
=336  \\$atext$btxt$2rdacontent
=337  \\$acomputer$bc$2rdamedia
=338  \\$aonline resource$bcr$2rdacarrier
=504  \\$aIncludes bibliographical references (p. [227]-237) and index.
=506  0\$aOpen Access$fUnrestricted online access$2star
=588  \\$aDescription based on print version record.
=650  \0$aLandscape irrigation$zGreat Basin.
=650  \0$aNatural landscaping$zGreat Basin.
=650  \0$aNative plant gardening$zGreat Basin.
=655  \7$aElectronic books. $2local
=710  2\$aProject Muse.$edistributor
=830  \0$aBook collections on Project MUSE.
=856  40$zFull text available: $uhttps://muse.jhu.edu/book/9402/
=945  \\$aProject MUSE - Archive Complete Foundation
=945  \\$aProject MUSE - Archive US Regional Studies, West Foundation

