=LDR  01649cam a22004454a 4500
=001  musev2_9403
=003  MdBmJHUP
=005  20241011045756.0
=006  m\\\\\o\\d\\\\\\\\
=007  cr||||||||nn|n
=008  080125s2008\\\\utu\\\\\o\\\\\\00\0\eng\d
=010  \\$z  2008001335
=020  \\$a9780874217025
=020  \\$z9780874217018
=035  \\$a(OCoLC)471131288
=040  \\$aMdBmJHUP$cMdBmJHUP
=050  04$aPE1404$b.A44 2008
=082  0\$a808/.0420711$222
=100  1\$aAlexander, Jonathan.
=245  10$aLiteracy, Sexuality, Pedagogy : $bTheory and Practice for Composition Studies / $cJonathan Alexander.
=264  \1$aLogan, Utah :$bUtah State University Press,$c2008.
=264  \3$aBaltimore, Md. :$bProject MUSE, $c2012
=264  \4$c&copy;2008.
=300  \\$a1 online resource (240 pages).
=336  \\$atext$btxt$2rdacontent
=337  \\$acomputer$bc$2rdamedia
=338  \\$aonline resource$bcr$2rdacarrier
=504  \\$aIncludes bibliographical references (p. [214]-220) and index.
=506  0\$aOpen Access$fUnrestricted online access$2star
=588  \\$aDescription based on print version record.
=650  \0$aSex.
=650  \0$aGender identity.
=650  \0$aAuthorship$xStudy and teaching (Higher)$xSocial aspects.
=650  \0$aEnglish language$xRhetoric$xStudy and teaching$xSocial aspects.
=655  \7$aElectronic books. $2local
=710  2\$aProject Muse.$edistributor
=830  \0$aBook collections on Project MUSE.
=856  40$zFull text available: $uhttps://muse.jhu.edu/book/9403/
=945  \\$aProject MUSE - Archive Complete Foundation
=945  \\$aProject MUSE - Archive Higher Education Foundation

