=LDR  02297cam a22005054a 4500
=001  musev2_9405
=003  MdBmJHUP
=005  20241011045759.0
=006  m\\\\\o\\d\\\\\\\\
=007  cr||||||||nn|n
=008  070425s2007\\\\utu\\\\\o\\\\\\00\0\eng\d
=010  \\$z  2007016750
=020  \\$a9780874216660
=020  \\$z9780874216615
=035  \\$a(OCoLC)290556379
=040  \\$aMdBmJHUP$cMdBmJHUP
=043  \\$an-us---$an-us-ut
=050  04$aE840.8.W475$bA3 2007
=082  0\$a324.7/0973$aB$222
=100  1\$aWestwood, Jean.
=245  10$aMadame Chair : $bA Political Autobiography of an Unintentional Pioneer / $cJean Miles Westwood ; edited by Linda Sillitoe ; with a foreword by Floyd A. O'Neil.
=264  \1$aLogan :$bUtah State University Press,$c2007.
=264  \3$aBaltimore, Md. :$bProject MUSE, $c2012
=264  \4$c&copy;2007.
=300  \\$a1 online resource (240 pages): $bill. ;
=336  \\$atext$btxt$2rdacontent
=337  \\$acomputer$bc$2rdamedia
=338  \\$aonline resource$bcr$2rdacarrier
=500  \\$aIncludes index.
=505  0\$aMcGovern calls -- Political beginnings -- Party politics--and parties -- Preparing for the 1968 convention -- The 1968 campaign in Utah -- Beginnings of reform -- Implementing reform -- Call for 1972 convention -- Convention by committee -- The nominee--and a new chair -- The hatchet and the race -- To chair or not -- Conceiving a charter -- The Sanford campaign -- Rounding out a career.
=506  0\$aOpen Access$fUnrestricted online access$2star
=588  \\$aDescription based on print version record.
=600  10$aWestwood, Jean.
=650  \0$aPresidents$zUnited States$xElection$y1972.
=650  \0$aPolitical consultants$zUnited States$vBiography.
=650  \0$aWomen political consultants$zUnited States$vBiography.
=610  20$aDemocratic Party (U.S.)$vBiography.
=651  \0$aUtah$xPolitics and government$y20th century.
=651  \0$aUnited States$xPolitics and government$y20th century.
=655  \7$aElectronic books. $2local
=710  2\$aProject Muse.$edistributor
=830  \0$aBook collections on Project MUSE.
=856  40$zFull text available: $uhttps://muse.jhu.edu/book/9405/
=945  \\$aProject MUSE - Archive Complete Foundation
=945  \\$aProject MUSE - Archive History Foundation

