=LDR  03487cam a22004574a 4500
=001  musev2_9407
=003  MdBmJHUP
=005  20241011045800.0
=006  m\\\\\o\\d\\\\\\\\
=007  cr||||||||nn|n
=008  070814s2007\\\\utu\\\\\o\\\\\\00\0\eng\d
=010  \\$z  2007033333
=020  \\$a9780874216844
=020  \\$z9780874216837
=020  \\$z9781646420698
=035  \\$a(OCoLC)461265297
=040  \\$aMdBmJHUP$cMdBmJHUP
=050  04$aGR71$b.D88 2007
=082  0\$a398.2$222
=100  1\$aDundes, Alan.
=245  14$aMeaning of Folklore : $bThe Analytical Essays of Alan Dundes / $cedited and introduced by Simon J. Bronner.
=264  \1$aLogan :$bUtah State University Press,$c2007.
=264  \3$aBaltimore, Md. :$bProject MUSE, $c2012
=264  \4$c&copy;2007.
=300  \\$a1 online resource (459 pages): $bill. ;
=336  \\$atext$btxt$2rdacontent
=337  \\$acomputer$bc$2rdamedia
=338  \\$aonline resource$bcr$2rdacarrier
=504  \\$aIncludes bibliographical references and index.
=505  0\$aFolklore as a mirror of culture -- The study of folklore in literature and culture: identification and interpretation -- Metafolkore and oral literary criticism -- From etic to emic units in the structural study of folktales ; postscript, the motif index and the tale-type index: a critique -- How Indic parallels to the ballad of the "walled-up wife" reveal the pitfalls of parochial nationalistic folkloristics -- Structuralism and folklore ; postscript, binary opposition in myth: the Propp/Levi Strauss debate in retrospect -- On game morphology: a study of the structure of non-verbal folklore -- The devolutionary premise in folklore theory -- Folk ideas as units of worldview ; postscript, worldview in folk narrative -- As the crow flies: a straightforward study of lineal worldview in American folk speech -- Much ado about "sweet bugger all": getting to the bottom of a puzzle in British folk speech -- Grouping lore--scientists and musicians: science in folklore--folklore in science? ; viola jokes--a study of second string humor -- Medical speech and professional identity--the Gomer--a figure of American hospital folk speech ; "when you hear hoofbeats, think horses, not zebras"--a folk medical diagnostic proverb -- Getting the folk and the lore together -- Gallus as phallus: a psychoanalytic cross-cultural consideration of the cockfight as fowl play -- The symbolic equivalence of allomotifs: towards a method of analyzing folktales -- Earth-diver: creation of the mythopoeic male ; postscript, madness in method plus a plea for projective inversion in myth -- Theses on feces: scatological analysis--the folklore of wishing wells ; here I sit--a study of American latrinalia ; the kushmaker -- The ritual murder or blood libel legend: a study of anti-Semitic victimization through projective inversion -- On the psychology of collecting folklore ; postscript, chain letter--a folk geometric progression.
=506  0\$aOpen Access$fUnrestricted online access$2star
=588  \\$aDescription based on print version record.
=650  \0$aFolklore.
=600  10$aDundes, Alan.
=655  \7$aElectronic books. $2local
=700  1\$aBronner, Simon J.
=710  2\$aProject Muse.$edistributor
=830  \0$aBook collections on Project MUSE.
=856  40$zFull text available: $uhttps://muse.jhu.edu/book/9407/
=945  \\$aProject MUSE - Archive Complete Foundation
=945  \\$aProject MUSE - Archive Global Cultural Studies Foundation

