=LDR  03592cam a22006134a 4500
=001  musev2_9408
=003  MdBmJHUP
=005  20241011045801.0
=006  m\\\\\o\\d\\\\\\\\
=007  cr||||||||nn|n
=008  090918s2009\\\\utu\\\\\o\\\\\\00\0\eng\d
=010  \\$z  2009038729
=020  \\$a9780874217582
=020  \\$z9780874217568
=035  \\$a(OCoLC)609710726
=040  \\$aMdBmJHUP$cMdBmJHUP
=100  1\$aWatt, Ronald G.,$eauthor.
=245  14$aMormon Passage of George D. Watt : $bFirst British Convert, Scribe for Zion / $cRonald G. Watt.
=264  \1$aLogan, Utah :$bUtah State University Press,$c2009.
=264  \3$aBaltimore, Md. :$bProject MUSE, $c2012
=264  \4$c©2009.
=300  \\$a1 online resource (296 pages): $billustrations, maps ;
=336  \\$atext$btxt$2rdacontent
=337  \\$acomputer$bc$2rdamedia
=338  \\$aonline resource$bcr$2rdacarrier
=500  \\$aIncludes index.
=505  0\$a"On the Lord's business" -- Early life in Britain -- Journey to America and Nauvoo -- Mission to Britain -- Across the wide Atlantic and on to Zion -- Life and times in Utah : politics in the territory -- Reporter for Zion -- Deseret alphabet -- Family and life in Salt Lake City -- A man for all seasons : intellectual activities -- Sermons of obedience : traveling with Brigham Young and to Britain -- Life-changing events : leaving the office, businessman -- Spiritual wanderings : apostasy and spiritualism -- Family and farm life in Davis County.
=506  0\$aOpen Access$fUnrestricted online access$2star
=520  \\$aA biography of Mormon convert George D. Watt, whose contributions to Mormon literature include the creation of the Deseret Alphabet and his efficient note taking that allowed him to take down the sermons of Young and other church leaders and publish them in the "Journal of Discourses," an indispensable historical record. Despite his accomplishments, because of his potential, George Watt's story is at heart a tragedy. His breach with Brigham Young resulted in social isolation, poverty, and rejection by friends and associates.
=588  \\$aDescription based on print version record.
=600  17$aWatt, G. D.$q(George Darling),$d1812-1881$2fast$1https://id.oclc.org/worldcat/entity/E39PBJwp3hjg8vqr8RH6pGB773
=600  10$aWatt, G. D.$q(George Darling),$d1812-1881.
=650  \7$aSpiritualists$2fast
=650  \7$aMormon converts$2fast
=650  \7$aEx-church members$2fast
=650  \7$aEx-church members$xChurch of Jesus Christ of Latter-day Saints$2fast
=650  \6$aSpirites$zÉtats-Unis$vBiographies.
=650  \6$aConvertis saints des derniers jours$zAngleterre$vBiographies.
=650  \0$aSpiritualists$zUnited States$vBiography.
=650  \0$aEx-church members$zUnited States$vBiography.
=650  \0$aEx-church members$xChurch of Jesus Christ of Latter-day Saints$vBiography.
=650  \0$aLatter Day Saint converts$zEngland$vBiography.
=651  \7$aUnited States$2fast$1https://id.oclc.org/worldcat/entity/E39PBJtxgQXMWqmjMjjwXRHgrq
=651  \7$aEngland$2fast$1https://id.oclc.org/worldcat/entity/E39PBJpYDdYvBpjXV6WpybK68C
=655  \7$aBiographies.$2rvmgf
=655  \7$aBiographies.$2lcgft
=655  \7$aBiographies$2fast
=655  \7$acollective biographies.$2aat
=655  \7$aElectronic books. $2local
=710  2\$aProject Muse.$edistributor
=830  \0$aBook collections on Project MUSE.
=856  40$zFull text available: $uhttps://muse.jhu.edu/book/9408/
=945  \\$aProject MUSE - Archive Complete Foundation
=945  \\$aProject MUSE - Archive History Foundation

