=LDR  01842cam a22004094a 4500
=001  musev2_9409
=003  MdBmJHUP
=005  20241011045801.0
=006  m\\\\\o\\d\\\\\\\\
=007  cr||||||||nn|n
=008  240111s1996\\\\xx\\\\\\o\\\\\\00\0\und\d
=020  \\$a9780874213737
=020  \\$z9780874212020
=035  \\$a(OCoLC)699521201
=040  \\$aMdBmJHUP$cMdBmJHUP
=100  1\$aHill, William$eVerfasserIn.$4aut
=245  10$aMormon Trail, The : $bYesterday and Today
=264  \1$a[Erscheinungsort nicht ermittelbar]$bUniversity Press of Colorado$c1996
=264  \3$aBaltimore, Md. :$bProject MUSE, $c2012
=264  \4$c&copy;1996
=300  \\$a1 online resource (238 pages).
=336  \\$atext$btxt$2rdacontent
=337  \\$acomputer$bc$2rdamedia
=338  \\$aonline resource$bcr$2rdacarrier
=506  0\$aOpen Access$fUnrestricted online access$2star
=520  \\$aBack in print, this essential reference for readers interested in the Mormon Trail is part history, part resource book, part guide and photographic essay. It includes an historical introduction, a chronology, excerpts from trail diaries, along with maps, over 200 then-and-now photos, and descriptions of major museums and displays along the trail. By the author of previous volumes on the Oregon, California, and Santa Fe trails.
=546  \\$aEnglish.
=588  \\$aDescription based on print version record.
=650  \4$aChristian Churches & denominations.
=650  \4$aHistory of the Americas.
=650  \4$aHumanities.
=655  \7$aElectronic books. $2local
=710  2\$aProject Muse.$edistributor
=830  \0$aBook collections on Project MUSE.
=856  40$zFull text available: $uhttps://muse.jhu.edu/book/9409/
=945  \\$aProject MUSE - Archive Complete Foundation
=945  \\$aProject MUSE - Archive US Regional Studies, West Foundation

