=LDR  02364cam a22004694a 4500
=001  musev2_9410
=003  MdBmJHUP
=005  20241011045802.0
=006  m\\\\\o\\d\\\\\\\\
=007  cr||||||||nn|n
=008  080707s2008\\\\utu\\\\\o\\\\\\00\0\eng\d
=010  \\$z  2008029787
=020  \\$a9780874217230
=020  \\$z9780874217223
=035  \\$a(OCoLC)609293283
=040  \\$aMdBmJHUP$cMdBmJHUP
=050  04$aBX8695.S46$bA3 2008
=082  0\$a289.3092$222
=100  1\$aSmart, William B.$q(William Buckwalter),$d1922-
=245  10$aMormonism's Last Colonizer : $bThe Life and Times of William H. Smart / $cWilliam B. Smart.
=264  \1$aLogan, Utah :$bUtah State University Press,$c2008.
=264  \3$aBaltimore, Md. :$bProject MUSE, $c2012
=264  \4$c&copy;2008.
=300  \\$a1 online resource (357 pages): $bill. ;
=336  \\$atext$btxt$2rdacontent
=337  \\$acomputer$bc$2rdamedia
=338  \\$aonline resource$bcr$2rdacarrier
=504  \\$aIncludes bibliographical references (p. 334-339) and index.
=505  0\$aGrowing up in Franklin -- Years of trial and torment -- An aborted mission -- A repentant sinner finds himself -- Putting a shoulder to the wheel -- On-the-job training in Heber Valley -- Making Indian land Mormon country -- The Vernal years -- Civilizing the reservation lands -- The fourth-and final-stake presidency -- Struggle and failure in Leota -- Hard times -- The final years.
=506  0\$aOpen Access$fUnrestricted online access$2star
=588  \\$aDescription based on print version record.
=600  10$aSmart, William H.$q(William Henry),$d1862-1937.
=650  \0$aMormons$zUtah$vBiography.
=651  \0$aUtah$xHistory.
=655  \7$aElectronic books. $2local
=776  18$iOnline version:$aSmart, William B. (William Buckwalter), 1922-$tMormonism's last colonizer.$dLogan, Utah : Utah State University Press, c2008$w(OCoLC)609293283
=776  18$iOnline version:$aSmart, William B. (William Buckwalter), 1922-$tMormonism's last colonizer.$dLogan, Utah : Utah State University Press, c2008$w(OCoLC)607751416
=710  2\$aProject Muse.$edistributor
=830  \0$aBook collections on Project MUSE.
=856  40$zFull text available: $uhttps://muse.jhu.edu/book/9410/
=945  \\$aProject MUSE - Archive Complete Foundation
=945  \\$aProject MUSE - Archive US Regional Studies, West Foundation

