=LDR  04039cam a22006254a 4500
=001  musev2_9411
=003  MdBmJHUP
=005  20241011045803.0
=006  m\\\\\o\\d\\\\\\\\
=007  cr||||||||nn|n
=008  070529s2007\\\\utu\\\\\o\\\\\\00\0\eng\d
=020  \\$a9780874216691
=020  \\$z9780874216684
=020  \\$z9780874216707
=035  \\$a(OCoLC)437204645
=040  \\$aMdBmJHUP$cMdBmJHUP
=100  1\$aRzicznek, F. Daniel$q(Frank Daniel),$d1979-$eauthor.$1https://id.oclc.org/worldcat/entity/E39PCjGMM3W8wJjbGP4WxhfVfm
=245  10$aNeck of the World / $cby F. Daniel Rzicznek.
=264  \1$aLogan :$bUtah State University Press,$c2007.
=264  \3$aBaltimore, Md. :$bProject MUSE, $c2012
=264  \4$c©2007.
=300  \\$a1 online resource (72 pages).
=336  \\$atext$btxt$2rdacontent
=337  \\$acomputer$bc$2rdamedia
=338  \\$aonline resource$bcr$2rdacarrier
=490  0\$aMay Swenson Poetry Award series
=505  00$tForeword /$rAlice Quinn --$g1.$tSpeakmaple --$tA Mouthful of Crickets --$tA Bear in His Madness --$tHappy --$tWithin Within --$tWinnowing --$tNeck of the Woods --$tDreamer in Winter --$tDonnybrook --$tVows of Babel --$tStormdweller --$tToyhouse --$tGrackles --$tSilence Journal --$tDuring Fever --$tBlood Realm --$g2.$tGenius of Frogs --$tHibernacula --$tOutside the Horse --$tPrayer for Fall --$tThieves --$tDust Merchant --$tRaker --$tSycamore --$tRainlegs --$tBook of Letters Reversed --$tTen Cents Worth of Fog --$tNorth of North --$tFishkill --$tPrimer --$tRadio --$g3.$tHelmet in the Glade --$tFoglifter --$tWhere Your Victory --$tNightyard --$tFirst Lady --$tCathode --$tHost --$tNeck of the World --$tHooded Merganser --$tBait --$tTickets for a Fire --$tReturning the Ghost --$tCrested Daughter --$tDecomp --$tMane and Claw --$tHuman --$tAstral.
=506  0\$aOpen Access$fUnrestricted online access$2star
=520  \\$aNeck of the World is the eleventh volume in the prestigious May Swenson Poetry Award series. In it, Daniel Rzicznek offers poems that, in quick angular language, capture the natural world and at the same time extend it into a surreal vision, sometimes dream-like, sometimes dark. Alice Quinn, judge for the 2007 Swenson Award, says this of Rzicznek's work: "Throughout, the language pulsates, always vigorous, by turns knotty and crystalline. ... In Neck of the World, we have a poet with a striking new vision--challenging, rewarding, and bold."
=546  \\$aEnglish.
=586  \\$aMay Swenson Poetry Award winner, 2007
=588  \\$aDescription based on print version record.
=650  \7$aPoetry$2fast
=650  \7$aAmerican poetry$2fast
=650  \7$aPOETRY$xAmerican$xGeneral.$2bisacsh
=650  \6$aPoesie$vCollections.
=650  \6$aPoesie americaine.
=650  \4$aEnglish.
=650  \4$aLanguages & Literatures.
=650  \4$aAmerican Literature.
=650  \0$aPoetry$vCollections.
=650  \0$aAmerican poetry.
=655  \7$aPoesie.$2rvmgf
=655  \7$aPoetry.$2lcgft
=655  \7$aPoetry$2fast
=655  \7$aCollections$2fast
=655  \7$apoetry.$2aat
=655  \2$aPoetry
=655  \7$aElectronic books. $2local
=710  2\$aProject Muse.$edistributor
=830  \0$aBook collections on Project MUSE.
=880  \\$6520-00/(Q$aNeck of the World is the eleventh volume in the prestigious May Swenson Poetry Award series. In it, Daniel Rzicznek offers poems that, in quick angular language, capture the natural world and at the same time extend it into a surreal vision, sometimes dream-like, sometimes dark. Alice Quinn, judge for the 2007 Swenson Award, says this of Rziczneka⁺єs work: a⁺єThroughout, the language pulsates, always vigorous, by turns knotty and crystalline. ... In Neck of the World, we have a poet with a striking new vision--challenging, rewarding, and bold."
=856  40$zFull text available: $uhttps://muse.jhu.edu/book/9411/
=945  \\$aProject MUSE - Archive Complete Foundation
=945  \\$aProject MUSE - Archive Poetry, Fiction and Creative Non-Fiction Foundation

