=LDR  01746cam a22004814a 4500
=001  musev2_9412
=003  MdBmJHUP
=005  20241011045803.0
=006  m\\\\\o\\d\\\\\\\\
=007  cr||||||||nn|n
=008  011015s2001\\\\utu\\\\\o\\\\\\00\0\eng\d
=010  \\$z  2001006301
=020  \\$a9780874214666
=020  \\$z9780874214130
=020  \\$z9780874214338
=035  \\$a(OCoLC)697613400
=040  \\$aMdBmJHUP$cMdBmJHUP
=050  04$aPM2321.Z77$bC78 2001
=082  0\$a897/.45$221
=100  1\$aCrum, Beverly.
=245  10$aNewe Hupia : $bShoshoni Poetry Songs / $cBeverly Crum, Earl Crum, Jon P. Dayley.
=264  \1$aLogan, Utah :$bUtah State University Press,$c2001.
=264  \3$aBaltimore, Md. :$bProject MUSE, $c2012
=264  \4$c&copy;2001.
=300  \\$a1 online resource (288 pages): $bill. ;
=336  \\$atext$btxt$2rdacontent
=337  \\$acomputer$bc$2rdamedia
=338  \\$aonline resource$bcr$2rdacarrier
=504  \\$aIncludes bibliographical references (p. 24-25).
=506  0\$aOpen Access$fUnrestricted online access$2star
=588  \\$aDescription based on print version record.
=650  \0$aFolk songs, Shoshoni.
=650  \0$aShoshoni Indians$xSongs and music.
=650  \0$aShoshoni poetry$xHistory and criticism.
=655  \7$aElectronic books. $2local
=700  1\$aDayley, Jon P.$q(Jon Philip)
=700  1\$aCrum, Earl,$d1923-
=710  2\$aProject Muse.$edistributor
=830  \0$aBook collections on Project MUSE.
=856  40$zFull text available: $uhttps://muse.jhu.edu/book/9412/
=945  \\$aProject MUSE - Archive Complete Foundation
=945  \\$aProject MUSE - Archive Literature Foundation
=945  \\$aProject MUSE - Archive Native American and Indigenous Studies Foundation

