=LDR  01743cam a22004814a 4500
=001  musev2_9413
=003  MdBmJHUP
=005  20241011045804.0
=006  m\\\\\o\\d\\\\\\\\
=007  cr||||||||nn|n
=008  080215s2008\\\\utu\\\\\o\\\\\\00\0\eng\d
=010  \\$z  2008007384
=020  \\$a9780874217124
=020  \\$z9780874217117
=020  \\$z9781646421589
=035  \\$a(OCoLC)437421240
=040  \\$aMdBmJHUP$cMdBmJHUP
=043  \\$an-us-ut
=050  04$aSF375.32.F75$bA3 2008
=082  0\$a636.3/01097922$aB$222
=100  1\$aFrischknecht, W. Dean.
=245  10$aOld Deseret Live Stock Company : $bA Stockman's Memoir / $cW. Dean Frischknecht.
=264  \1$aLogan, Utah :$bUtah State University Press,$c2008.
=264  \3$aBaltimore, Md. :$bProject MUSE, $c2012
=264  \4$c&copy;2008.
=300  \\$a1 online resource (216 pages): $bill. ;
=336  \\$atext$btxt$2rdacontent
=337  \\$acomputer$bc$2rdamedia
=338  \\$aonline resource$bcr$2rdacarrier
=500  \\$aIncludes index.
=506  0\$aOpen Access$fUnrestricted online access$2star
=588  \\$aDescription based on print version record.
=600  10$aFrischknecht, W. Dean.
=650  \0$aRanch life$zWasatch Range (Utah and Idaho)
=650  \0$aSheep ranchers$zWasatch Range (Utah and Idaho)$vBiography.
=610  20$aDeseret Live Stock Company$xHistory.
=651  \0$aWasatch Range (Utah and Idaho)$vBiography.
=655  \7$aElectronic books. $2local
=710  2\$aProject Muse.$edistributor
=830  \0$aBook collections on Project MUSE.
=856  40$zFull text available: $uhttps://muse.jhu.edu/book/9413/
=945  \\$aProject MUSE - Archive Complete Foundation
=945  \\$aProject MUSE - Archive US Regional Studies, West Foundation

