=LDR  01647cam a22004334a 4500
=001  musev2_9414
=003  MdBmJHUP
=005  20241011045804.0
=006  m\\\\\o\\d\\\\\\\\
=007  cr||||||||nn|n
=008  090515s2009\\\\utu\\\\\o\\\\\\00\0\eng\d
=010  \\$z  2009020175
=020  \\$a9780874217315
=020  \\$z9780874217308
=035  \\$a(OCoLC)461295105
=040  \\$aMdBmJHUP$cMdBmJHUP
=050  04$aPE1404$b.O74 2009
=082  0\$a808/.0420711$222
=245  00$aOrganic Writing Assessment : $bDynamic Criteria Mapping in Action / $cBob Broad ... [et al.].
=264  \1$aLogan, Utah :$bUtah State University Press,$c2009.
=264  \3$aBaltimore, Md. :$bProject MUSE, $c2012
=264  \4$c&copy;2009.
=300  \\$a1 online resource (173 pages): $bill. ;
=336  \\$atext$btxt$2rdacontent
=337  \\$acomputer$bc$2rdamedia
=338  \\$aonline resource$bcr$2rdacarrier
=504  \\$aIncludes bibliographical references and index.
=506  0\$aOpen Access$fUnrestricted online access$2star
=588  \\$aDescription based on print version record.
=650  \0$aCollege prose$xEvaluation.
=650  \0$aEnglish language$xComposition and exercises$xStudy and teaching$xEvaluation.
=650  \0$aEnglish language$xRhetoric$xStudy and teaching (Higher)$xEvaluation.
=655  \7$aElectronic books. $2local
=700  1\$aBroad, Bob,$d1960-
=710  2\$aProject Muse.$edistributor
=830  \0$aBook collections on Project MUSE.
=856  40$zFull text available: $uhttps://muse.jhu.edu/book/9414/
=945  \\$aProject MUSE - Archive Complete Foundation
=945  \\$aProject MUSE - Archive Higher Education Foundation

