=LDR  01898cam a22004334a 4500
=001  musev2_9415
=003  MdBmJHUP
=005  20241011045805.0
=006  m\\\\\o\\d\\\\\\\\
=007  cr||||||||nn|n
=008  071005s2008\\\\utu\\\\\o\\\\\\00\0\eng\d
=010  \\$z  2007041720
=020  \\$a9780874216806
=020  \\$z9780874216790
=035  \\$a(OCoLC)476175514
=040  \\$aMdBmJHUP$cMdBmJHUP
=050  04$aP301$b.B79 2008
=082  0\$a808/.042$222
=100  1\$aButler, Paul,$d1956-
=245  10$aOut of Style : $bReanimating Stylistic Study in Composition and Rhetoric / $cPaul Butler.
=264  \1$aLogan, Utah :$bUtah State University Press,$c2008.
=264  \3$aBaltimore, Md. :$bProject MUSE, $c2012
=264  \4$c&copy;2008.
=300  \\$a1 online resource (196 pages).
=336  \\$atext$btxt$2rdacontent
=337  \\$acomputer$bc$2rdamedia
=338  \\$aonline resource$bcr$2rdacarrier
=504  \\$aIncludes bibliographical references (p. [163]-175) and index.
=505  0\$aIntroduction: reanimating style in composition and rhetoric -- Historical developments: relevant stylistic history and theory -- Our of style: reclaiming an "inventional" style in composition -- Style in the diaspora of composition studies -- Style and the public intellectual: rethinking composition in the public sphere -- Back in style: style and the future of composition studies.
=506  0\$aOpen Access$fUnrestricted online access$2star
=588  \\$aDescription based on print version record.
=650  \0$aRhetoric.
=650  \0$aLanguage and languages$xStyle.
=655  \7$aElectronic books. $2local
=710  2\$aProject Muse.$edistributor
=830  \0$aBook collections on Project MUSE.
=856  40$zFull text available: $uhttps://muse.jhu.edu/book/9415/
=945  \\$aProject MUSE - Archive Complete Foundation
=945  \\$aProject MUSE - Archive Higher Education Foundation

