=LDR  05559cam a22006374a 4500
=001  musev2_9417
=003  MdBmJHUP
=005  20241011045806.0
=006  m\\\\\o\\d\\\\\\\\
=007  cr||||||||nn|n
=008  100427s2008\\\\utu\\\\\o\\\\\\00\0\eng\d
=020  \\$a9780874217254
=020  \\$z9780874217247
=035  \\$a(OCoLC)609710678
=040  \\$aMdBmJHUP$cMdBmJHUP
=245  00$aRepresentations : $bDoing Asian American Rhetoric / $cedited by LuMing Mao and Morris Young.
=264  \1$aLogan, Utah :$bUtah State University Press,$c2008.
=264  \3$aBaltimore, Md. :$bProject MUSE, $c2012
=264  \4$c©2008.
=300  \\$a1 online resource (357 pages): $billustrations
=336  \\$atext$btxt$2rdacontent
=337  \\$acomputer$bc$2rdamedia
=338  \\$aonline resource$bcr$2rdacarrier
=505  00$gIntroduction:$tPerforming Asian American rhetoric into the American imaginary --$tPerforming Asian American rhetoric in context.$tTransnational Asian American rhetoric as a diasporic practice /$rRory Ong --$tReexamining the between-worlds Trope in cross-cultural composition studies /$rTomo Hattori and Stuart Ching --$tAsian American rhetorical memory and a "Memory that is only sometimes our own" /$rHaivan V. Hoang --$tListening for legacies; or How I began to hear Dorothy Laigo Cordova, the Pinay behind the podium known as FANHS /$rTerese Guinsatao Monberg --$tLearning authenticity: pedagogies of Hindu nationalism in North America /$rSubhasree Chakravarty --$tRelocating authority: coauthor(iz)ing a Japanese American ethos of resistance under mass incarceration /$rMira Chieko Shimabukuro --$tRhetoric of the Asian American self: influences of region and social class on autobiographical writing /$rRobyn Tasaka --$t"Translating" and "transforming" Asian American identities.$tArtful bigotry and kitsch": a study of stereotype, mimicry, and satire in Asian American t-shirt rhetoric /$rVincent N. Pham and Kent A. Ono --$tBeyond "Asian American" and back: coalitional rhetoric in print and new media /$rJolivette Mecenas --$tOn the road with P.T. Barnum's traveling Chinese museum: rhetorics of public reception and self-resistance in the emergence of literature by Chinese American women /$rMary Louise Buley-Meissner --$tRereading Sui Sin Far: a rhetoric of defiance /$rBo Wang --$tMargaret Cho, Jake Shimabukuro, and rhetorics in a minor key /$rJeffrey Carroll --$t"Maybe I could play a hooker in something!" Asian American identity, gender, and comedy in the rhetoric of Margaret Cho /$rMichaela D.E. Meyer --$tLearning Asian American affect /$rK. Hyoejin Yoon --$gAfterword:$tToward a theory of Asian American rhetoric: what is to be done?
=506  0\$aOpen Access$fUnrestricted online access$2star
=520  \\$aAsian American rhetorics, produced through cultural contact between Asian traditions and US English, also comprise a dynamic influence on the cultural conditions and practices within which they move. Though always interesting to linguists and "contact language" scholars, in an increasingly globalized era, these subjects are of interest to scholars in a widening range of disciplines--especially those in rhetoric and writing studies. Mao, Young, and their contributors propose that Asian American discourse should be seen as a spacious form, one that deliberately and selectively incorporates Asian "foreign-ness" into the English of Asian Americans. These authors offer the concept of a dynamic "togetherness-in-difference" as a way to theorize the contact and mutual influence. Chapters here explore a rich diversity of histories, theories, literary texts, and rhetorical practices. Collectively, they move the scholarly discussion toward a more nuanced, better balanced, critically informed representation of the forms of Asian American rhetorics and the cultural work that they do
=546  \\$aEnglish.
=588  \\$aDescription based on print version record.
=650  \7$aRhetorik$2gnd
=650  \7$aAsiatischer Einwanderer$2gnd
=650  \7$aIntercultural communication$2fast
=650  \7$aEnglish language$xRhetoric$xStudy and teaching$xForeign speakers$2fast
=650  \7$aAsian Americans$xIntellectual life$2fast
=650  \7$aAsian Americans$xCultural assimilation$2fast
=650  \7$aLANGUAGE ARTS & DISCIPLINES$xComposition & Creative Writing.$2bisacsh
=650  \7$aREFERENCE$xWriting Skills.$2bisacsh
=650  \7$aLANGUAGE ARTS & DISCIPLINES$xRhetoric.$2bisacsh
=650  \6$aAmericains d'origine asiatique$xVie intellectuelle.
=650  \6$aAmericains d'origine asiatique$xAcculturation.
=650  \6$aAnglais (Langue)$xRhetorique$xÉtude et enseignement$xAllophones.
=650  \0$aIntercultural communication$zUnited States.
=650  \0$aAsian Americans$xIntellectual life.
=650  \0$aAsian Americans$xCultural assimilation.
=650  \0$aAsian Americans$xEducation$xLanguage arts.
=650  \0$aEnglish language$xRhetoric$xStudy and teaching$xForeign speakers.
=651  \7$aUSA$2gnd
=651  \7$aUnited States$2fast$1https://id.oclc.org/worldcat/entity/E39PBJtxgQXMWqmjMjjwXRHgrq
=655  \7$aElectronic books. $2local
=700  1\$aYoung, Morris,$d1967-$eeditor.
=700  1\$aMao, LuMing,$d1959-$eeditor.
=773  0\$tBooks at JSTOR: Open Access$dJSTOR
=710  2\$aProject Muse.$edistributor
=830  \0$aBook collections on Project MUSE.
=856  40$zFull text available: $uhttps://muse.jhu.edu/book/9417/
=945  \\$aProject MUSE - Archive Complete Foundation
=945  \\$aProject MUSE - Archive Higher Education Foundation

