=LDR  03066cam a22005294a 4500
=001  musev2_9418
=003  MdBmJHUP
=005  20241011045807.0
=006  m\\\\\o\\d\\\\\\\\
=007  cr||||||||nn|n
=008  000630s2000\\\\utu\\\\\o\\\\\\00\0\eng\d
=020  \\$a9780874213973
=020  \\$z9780874214031
=035  \\$a(OCoLC)290556366
=040  \\$aMdBmJHUP$cMdBmJHUP
=100  1\$aAton, James M.,$d1949-$1https://id.oclc.org/worldcat/entity/E39PCjvDVFYTcbVbtmQFWpqrVP
=245  10$aRiver Flowing From The Sunrise : $bAn Environmental History of the Lower San Juan / $cJames M. Aton, Robert S. McPherson.
=264  \1$aLogan :$bUtah State University Press,$c2000.
=264  \3$aBaltimore, Md. :$bProject MUSE, $c2012
=264  \4$c&copy;2000.
=300  \\$a1 online resource (232 pages): $billustrations, maps
=336  \\$atext$btxt$2rdacontent
=337  \\$acomputer$bc$2rdamedia
=338  \\$aonline resource$bcr$2rdacarrier
=505  0\$aForeword: A river in time -- Introduction: Twelve millennia on the San Juan -- ch. 1, Prehistory: from clovis hunters to corn farmers -- ch. 2, Navajos, Paiutes, and Utes: views of a sacred land -- ch. 3, Exploration and science: defining terra incognita -- ch. 4, Livestock: cows, feed, and floods -- ch. 5, Agriculture: ditches, droughts, and disasters -- ch. 6, City building: farming the triad -- ch. 7, Mining: black and yellow gold in redrock country -- ch. 8, The federal government: dams, tamarisk, and pikeminnows -- ch. 9, San Juan of the imagination: local and national values -- Epilogue: Visions: flowing from the sunrise or a water spigot?
=506  0\$aOpen Access$fUnrestricted online access$2star
=520  \\$aNatural history of the lower San Juan River in the US Southwest.
=546  \\$aEnglish.
=588  \\$aDescription based on print version record.
=650  \7$aNature$xEffect of human beings on.$2fast$0(OCoLC)fst01034564
=650  \7$aHuman ecology.$2fast$0(OCoLC)fst00962941
=650  \7$aEcology.$2fast$0(OCoLC)fst00901476
=650  \7$aHISTORY$zUnited States$xState & Local$xWest (AK, CA, CO, HI, ID, MT, NV, UT, WY)$2bisacsh
=650  \7$aSOCIAL SCIENCE$xHuman Geography.$2bisacsh
=650  \0$aNature$xEffect of human beings on$zSan Juan River Valley (Colo.-Utah)
=650  \0$aHuman ecology$zSan Juan River Valley (Colo.-Utah)$xHistory.
=651  \7$aUnited States$zSan Juan River Valley.$2fast$0(OCoLC)fst01276877
=651  \6$aSan Juan, Vallee de la (Col.-Utah)$xConditions environnementales.
=651  \0$aSan Juan River Valley (Colo.-Utah)$xEnvironmental conditions.
=655  \7$aHistory.$2fast$0(OCoLC)fst01411628
=655  \7$aElectronic books. $2local
=700  1\$aMcPherson, Robert S.,$d1947-$1https://id.oclc.org/worldcat/entity/E39PCjJTgV4QbXWdkCtJKvR8vd
=710  2\$aProject Muse.$edistributor
=830  \0$aBook collections on Project MUSE.
=856  40$zFull text available: $uhttps://muse.jhu.edu/book/9418/
=945  \\$aProject MUSE - Archive Complete Foundation
=945  \\$aProject MUSE - Archive US Regional Studies, West Foundation

