=LDR  01806cam a22004694a 4500
=001  musev2_9419
=003  MdBmJHUP
=005  20241011045807.0
=006  m\\\\\o\\d\\\\\\\\
=007  cr||||||||nn|n
=008  071210s2008\\\\utu\\\\\o\\\\\\00\0\eng\d
=010  \\$z  2007050285
=020  \\$a9780874216943
=020  \\$z9780874216936
=035  \\$a(OCoLC)476175541
=040  \\$aMdBmJHUP$cMdBmJHUP
=043  \\$an-usp--
=050  04$aF789$b.P47 2008
=082  0\$a917.904/4092$222
=100  1\$aPetersen, Jesse G.
=245  12$aRoute for the Overland Stage : $bJames H. Simpson's 1859 Trail Across the Great Basin / $cJesse G. Petersen ; foreword by David L. Bigler.
=264  \1$aLogan :$bUtah State University Press,$c2008.
=264  \3$aBaltimore, Md. :$bProject MUSE, $c2012
=264  \4$c&copy;2008.
=300  \\$a1 online resource (256 pages): $bill., maps ;
=336  \\$atext$btxt$2rdacontent
=337  \\$acomputer$bc$2rdamedia
=338  \\$aonline resource$bcr$2rdacarrier
=504  \\$aIncludes bibliographical references (p. 237-239) and index.
=506  0\$aOpen Access$fUnrestricted online access$2star
=588  \\$aDescription based on print version record.
=600  10$aSimpson, J. H.$q(James Hervey),$d1813-1883$xTravel$zGreat Basin.
=651  \0$aGreat Basin$xGeography.
=651  \0$aGreat Basin$vSurveys.
=651  \0$aGreat Basin$xDiscovery and exploration.
=650  \0$aScientific expeditions$zGreat Basin$xHistory$y19th century.
=655  \7$aElectronic books. $2local
=710  2\$aProject Muse.$edistributor
=830  \0$aBook collections on Project MUSE.
=856  40$zFull text available: $uhttps://muse.jhu.edu/book/9419/
=945  \\$aProject MUSE - Archive Complete Foundation
=945  \\$aProject MUSE - Archive US Regional Studies, West Foundation

