=LDR  01569cam a22004334a 4500
=001  musev2_9420
=003  MdBmJHUP
=005  20241011045808.0
=006  m\\\\\o\\d\\\\\\\\
=007  cr||||||||nn|n
=008  020723s2002\\\\utu\\\\\o\\\\\\00\0\eng\d
=010  \\$z  2002011651
=020  \\$a9780874214888
=020  \\$z9780874215502
=035  \\$a(OCoLC)53946610
=040  \\$aMdBmJHUP$cMdBmJHUP
=050  04$aGR72$b.S35 2002
=082  0\$a398/.35$221
=100  1\$aSchneider, William.
=245  10$aSo They Understand / $cWilliam Schneider.
=264  \1$aLogan, Utah :$bUtah State University Press,$c2002.
=264  \3$aBaltimore, Md. :$bProject MUSE, $c2012
=264  \4$c&copy;2002.
=300  \\$a1 online resource (206 pages): $bill., maps ;
=336  \\$atext$btxt$2rdacontent
=337  \\$acomputer$bc$2rdamedia
=338  \\$aonline resource$bcr$2rdacarrier
=500  \\$a"Documentation, representation, presentation, and interpretation, illustrated with stories from South Africa, Alaska, and the Yukon."
=504  \\$aIncludes bibliographical references.
=506  0\$aOpen Access$fUnrestricted online access$2star
=588  \\$aDescription based on print version record.
=650  \0$aOral history.
=650  \0$aOral tradition.
=655  \7$aElectronic books. $2local
=710  2\$aProject Muse.$edistributor
=830  \0$aBook collections on Project MUSE.
=856  40$zFull text available: $uhttps://muse.jhu.edu/book/9420/
=945  \\$aProject MUSE - Archive Complete Foundation
=945  \\$aProject MUSE - Archive Literature Foundation

