=LDR  03891cam a22005294a 4500
=001  musev2_9421
=003  MdBmJHUP
=005  20241011045809.0
=006  m\\\\\o\\d\\\\\\\\
=007  cr||||||||nn|n
=008  080807s2008\\\\utu\\\\\o\\\\\\00\0\eng\d
=010  \\$z  2020719388
=020  \\$a9780874216929
=020  \\$z9780874216912
=035  \\$a(OCoLC)593279947
=040  \\$aMdBmJHUP$cMdBmJHUP
=100  1\$aWeems, Mickey.
=245  14$aThe Fierce Tribe : $bMasculine Identity and Performance in the Circuit / $cMickey Weems.
=264  \1$aLogan, Utah :$bUtah State University Press,$c[2008]
=264  \3$aBaltimore, Md. :$bProject MUSE, $c2012
=264  \4$c©[2008]
=300  \\$a1 online resource (296 pages).
=336  \\$atext$btxt$2rdacontent
=337  \\$acomputer$bc$2rdamedia
=338  \\$aonline resource$bcr$2rdacarrier
=505  0\$aIntroduction: fascists and whores -- part I. Fierce: -- Banishing the God of mediocrity -- The few, the proud, the cracked -- Thousands of dancing gay men -- Fierceness -- The girlfriends -- Harm reduction -- part II. Tribe: A history of festive homosexuality: 1700-1969 CE -- A history of the Circuit(s): 1969 CE-present -- A tale of two cities: NOLA and MIA -- part III. Pulse: Popular dance -- Axe -- From marching soldier to dancing Queen -- PART IV ecstasy -- The DJ -- Stepping out.
=506  0\$aOpen Access$fUnrestricted online access$2star
=520  \\$a"In this ethnography that documents the folk nature of popular culture, Mickey Weems applies interdisciplinary interpretation to a subject that demands such a breakdown of intellectual boundaries. The Circuit, an expression of gay culture, comprises large dance events--gatherings, celebrations, communions, festivals. Music and dance drive complex, shared performances--electronic house music played by professional DJs and mass ecstatic dancing that engenders communitas. Other performances, from drag queens and concerts to contests, theatrics, and the individual display of muscular bodies are part of the festivities. Body sculpting through muscle building is strongly associated with the Circuit, and masculine aggression is both displayed and parodied. Weems, a participant-observer with a multidisciplinary background in anthropology, folklore, religious studies, cultural studies, and somatic studies, considers the cultural and ethical dimensions of what to outsiders might seem to be just wild, flamboyant parties. He compares the Circuit to other traditions of ecstatic and communal dance, and uses his grounding in African-Brazilian Candomble and in religious studies to illuminate spiritual experiences reported by Circuit participants. And, as a U.S. Marine, he offers the nonviolent masculine arrogance of Circuiteers as an alternative to the violent forms of masculine aggression embedded in the military and much of western culture."--Publisher's description.
=546  \\$aEnglish.
=588  \\$aDescription based on print version record.
=650  \7$aGay men$xIdentity$2fast
=650  \7$aGay culture$2fast
=650  \7$aSOCIAL SCIENCE$xGay Studies.$2bisacsh
=650  \6$aHomosexuels masculins$zÉtats-Unis$xIdentite.
=650  \6$aCulture homosexuelle$zÉtats-Unis.
=650  \6$aSoirees dansantes homosexuelles$xAspect social$zÉtats-Unis.
=650  \0$aGay men$zUnited States$xIdentity.
=650  \0$aGay culture$zUnited States.
=650  \0$aGay and lesbian dance parties$xSocial aspects$zUnited States.
=651  \7$aUnited States$2fast
=655  \7$aElectronic books. $2local
=773  0\$tBooks at JSTOR: Open Access$dJSTOR
=710  2\$aProject Muse.$edistributor
=830  \0$aBook collections on Project MUSE.
=856  40$zFull text available: $uhttps://muse.jhu.edu/book/9421/
=945  \\$aProject MUSE - Archive Complete Foundation
=945  \\$aProject MUSE - Archive Global Cultural Studies Foundation

