=LDR  01763cam a22004574a 4500
=001  musev2_9422
=003  MdBmJHUP
=005  20241011045809.0
=006  m\\\\\o\\d\\\\\\\\
=007  cr||||||||nn|n
=008  080808s2008\\\\utu\\\\\o\\\\\\00\0\eng\d
=010  \\$z  2008034406
=020  \\$a9780874217278
=020  \\$z9780874217261
=035  \\$a(OCoLC)437423781
=040  \\$aMdBmJHUP$cMdBmJHUP
=050  04$aPS508.F66$bF66 2008
=082  0\$a810.8/03559$222
=245  04$aThe Folklore Muse : $bPoetry, Fiction, and Other Reflections by Folklorists / $cedited by Frank de Caro.
=264  \1$aLogan, Utah :$bUtah State University Press,$c2008.
=264  \3$aBaltimore, Md. :$bProject MUSE, $c2012
=264  \4$c&copy;2008.
=300  \\$a1 online resource (252 pages).
=336  \\$atext$btxt$2rdacontent
=337  \\$acomputer$bc$2rdamedia
=338  \\$aonline resource$bcr$2rdacarrier
=504  \\$aIncludes bibliographical references (p. 239).
=506  0\$aOpen Access$fUnrestricted online access$2star
=588  \\$aDescription based on print version record.
=650  \0$aAmerican literature$y21st century.
=650  \0$aFolklorists$vLiterary collections.
=650  \0$aFolklore$vLiterary collections.
=650  \0$aFolklorists' writings, American.
=655  \7$aElectronic books. $2local
=700  1\$aDe Caro, F. A.
=776  18$iOnline version:$tFolklore muse.$dLogan, Utah : Utah State University Press, c2008$w(OCoLC)608434487
=710  2\$aProject Muse.$edistributor
=830  \0$aBook collections on Project MUSE.
=856  40$zFull text available: $uhttps://muse.jhu.edu/book/9422/
=945  \\$aProject MUSE - Archive Complete Foundation
=945  \\$aProject MUSE - Archive Poetry, Fiction and Creative Non-Fiction Foundation

