=LDR  01456cam a22004214a 4500
=001  musev2_9423
=003  MdBmJHUP
=005  20241011045810.0
=006  m\\\\\o\\d\\\\\\\\
=007  cr||||||||nn|n
=008  090308s2009\\\\utu\\\\\o\\\\\\00\0\eng\d
=010  \\$z  2009009775
=020  \\$a9780874217483
=020  \\$z9780874217469
=020  \\$z9780874217476
=035  \\$a(OCoLC)609710641
=040  \\$aMdBmJHUP$cMdBmJHUP
=050  04$aPS3623.H58548$bT66 2009
=082  0\$a811/.6$222
=100  1\$aWhitmarsh, Jason.
=245  10$aTomorrow's Living Room / $cby Jason Whitmarsh.
=264  \1$aLogan, Utah :$bUtah State University Press,$c2009.
=264  \3$aBaltimore, Md. :$bProject MUSE, $c2012
=264  \4$c&copy;2009.
=300  \\$a1 online resource (78 pages).
=336  \\$atext$btxt$2rdacontent
=337  \\$acomputer$bc$2rdamedia
=338  \\$aonline resource$bcr$2rdacarrier
=490  0\$aMay Swenson Poetry Award series
=506  0\$aOpen Access$fUnrestricted online access$2star
=588  \\$aDescription based on print version record.
=655  \7$aElectronic books. $2local
=710  2\$aProject Muse.$edistributor
=830  \0$aMay Swenson Poetry Award series.
=830  \0$aBook collections on Project MUSE.
=856  40$zFull text available: $uhttps://muse.jhu.edu/book/9423/
=945  \\$aProject MUSE - Archive Complete Foundation
=945  \\$aProject MUSE - Archive Poetry, Fiction and Creative Non-Fiction Foundation

