=LDR  02296cam a22004334a 4500
=001  musev2_9425
=003  MdBmJHUP
=005  20241011045811.0
=006  m\\\\\o\\d\\\\\\\\
=007  cr||||||||nn|n
=008  080902s2009\\\\utu\\\\\o\\\\\\00\0\eng\d
=010  \\$z  2008038674
=020  \\$a9780874217292
=020  \\$z9780874217285
=035  \\$a(OCoLC)369224081
=040  \\$aMdBmJHUP$cMdBmJHUP
=050  04$aPN167$b.W46 2009
=082  0\$a808$222
=245  00$aWho Owns This Text? : $bPlagiarism, Authorship, and Disciplinary Cultures / $cedited by Carol Peterson Haviland, Joan A. Mullin.
=264  \1$aLogan, Utah :$bUtah State University Press,$c2009.
=264  \3$aBaltimore, Md. :$bProject MUSE, $c2012
=264  \4$c&copy;2009.
=300  \\$a1 online resource (202 pages): $bill. ;
=336  \\$atext$btxt$2rdacontent
=337  \\$acomputer$bc$2rdamedia
=338  \\$aonline resource$bcr$2rdacarrier
=504  \\$aIncludes bibliographical references (p. [185]-191) and index.
=505  0\$aOpen sourcery: computer science and the logic of ownership / Marvin Diogenes, Andrea Lunsford, Mark Otuteye -- Collaborative authorship in the sciences: anti-ownership and citation practices in chemistry and biology / Lise Buranen, Denise Stephenson -- Studying with fieldworkers: archaeology and sociology / Mary R. Boland, Carol Peterson Haviland -- Appropriation, homage, and pastiche: using artistic tradition to reconsider and redefine plagiarism / Joan A. Mullin -- Higher education administration ownership, collaboration, and publication: connecting or separating the writing of administrators, faculty, and students? / Linda S. Bergmann -- Conclusion: rethinking our use of "plagiarism" / Carol Peterson Haviland, Joan A. Mullin.
=506  0\$aOpen Access$fUnrestricted online access$2star
=588  \\$aDescription based on print version record.
=650  \0$aPlagiarism.
=655  \7$aElectronic books. $2local
=700  1\$aMullin, Joan A.,$d1949-
=700  1\$aHaviland, Carol Peterson.
=710  2\$aProject Muse.$edistributor
=830  \0$aBook collections on Project MUSE.
=856  40$zFull text available: $uhttps://muse.jhu.edu/book/9425/
=945  \\$aProject MUSE - Archive Complete Foundation
=945  \\$aProject MUSE - Archive Higher Education Foundation

