=LDR  02061cam a22004694a 4500
=001  musev2_9844
=003  MdBmJHUP
=005  20241011050347.0
=006  m\\\\\o\\d\\\\\\\\
=007  cr||||||||nn|n
=008  071214s2008\\\\utu\\\\\o\\\\\\00\0\eng\d
=010  \\$z  2007051418
=020  \\$a9780874217001
=020  \\$z9780874216998
=035  \\$a(OCoLC)476175551
=040  \\$aMdBmJHUP$cMdBmJHUP
=043  \\$an-us---
=050  04$aPE1405.U6$bA325 2008
=082  0\$a808/.042071073$222
=100  1\$aAdler-Kassner, Linda.
=245  14$aActivist WPA, The : $bChanging Stories About Writing and Writers / $cLinda Adler-Kassner.
=264  \1$aLogan, Utah :$bUtah State University Press,$c2008.
=264  \3$aBaltimore, Md. :$bProject MUSE, $c2012
=264  \4$c&copy;2008.
=300  \\$a1 online resource (223 pages).
=336  \\$atext$btxt$2rdacontent
=337  \\$acomputer$bc$2rdamedia
=338  \\$aonline resource$bcr$2rdacarrier
=504  \\$aIncludes bibliographical references (p. 187-203) and index.
=505  0\$aWorking from a point of principle -- Looking backward -- Framing the public imagination -- Changing conversations about writing and writers: working through a process -- Taking action to change stories -- Working from my own points of principle : Tikkun Olam, prophetic pragmatism, and writing program administration.
=506  0\$aOpen Access$fUnrestricted online access$2star
=588  \\$aDescription based on print version record.
=650  \0$aWriting centers$xAdministration.
=650  \0$aReport writing$xStudy and teaching (Higher)$zUnited States.
=650  \0$aEnglish language$xRhetoric$xStudy and teaching$zUnited States.
=655  \7$aElectronic books. $2local
=710  2\$aCouncil of Writing Program Administrators (U.S.)
=710  2\$aProject Muse.$edistributor
=830  \0$aBook collections on Project MUSE.
=856  40$zFull text available: $uhttps://muse.jhu.edu/book/9844/
=945  \\$aProject MUSE - Archive Complete Foundation
=945  \\$aProject MUSE - Archive Higher Education Foundation

