=LDR  01777cam a22004694a 4500
=001  musev2_9847
=003  MdBmJHUP
=005  20241011050349.0
=006  m\\\\\o\\d\\\\\\\\
=007  cr||||||||nn|n
=008  061003s2007\\\\utu\\\\\o\\\\\\00\0\eng\d
=010  \\$z  2006032515
=020  \\$a9780874215472
=020  \\$z9780874216448
=035  \\$a(OCoLC)298788369
=040  \\$aMdBmJHUP$cMdBmJHUP
=043  \\$an-us-ut
=050  04$aBX8695.M67$bA3 2007
=082  0\$a289.3092$aB$222
=100  1\$aMorris, Mary Lois Walker,$d1835-1919.
=245  10$aBefore the Manifesto : $bThe Life Writings of Mary Lois Walker Morris / $cedited by Melissa Lambert Milewski.
=264  \1$aLogan, Utah :$bUtah State University Press,$c2007.
=264  \3$aBaltimore, Md. :$bProject MUSE, $c2012
=264  \4$c&copy;2007.
=300  \\$a1 online resource (653 pages): $bill., maps ;
=336  \\$atext$btxt$2rdacontent
=337  \\$acomputer$bc$2rdamedia
=338  \\$aonline resource$bcr$2rdacarrier
=504  \\$aIncludes bibliographical references (p. 576-584) and index.
=506  0\$aOpen Access$fUnrestricted online access$2star
=588  \\$aDescription based on print version record.
=600  10$aMorris, Mary Lois Walker,$d1835-1919.
=650  \0$aMormon women$zUtah$zSalt Lake City$vBiography.
=651  \0$aSalt Lake City (Utah)$xHistory.
=651  \0$aSalt Lake City (Utah)$xChurch history.
=655  \7$aElectronic books. $2local
=700  1\$aMilewski, Melissa Lambert.
=710  2\$aProject Muse.$edistributor
=830  \0$aBook collections on Project MUSE.
=856  40$zFull text available: $uhttps://muse.jhu.edu/book/9847/
=945  \\$aProject MUSE - Archive Complete Foundation
=945  \\$aProject MUSE - Archive US Regional Studies, West Foundation

