=LDR  02800cam a22004934a 4500
=001  musev2_9848
=003  MdBmJHUP
=005  20241011050350.0
=006  m\\\\\o\\d\\\\\\\\
=007  cr||||||||nn|n
=008  120331r20121999utu\\\\\o\\\\\\00\0\eng\d
=020  \\$a9780874213577
=020  \\$z9780874212808
=035  \\$a(OCoLC)44958685
=040  \\$aMdBmJHUP$cMdBmJHUP
=050  \4$aGR43.C4$bC45 1999
=050  \4$aGR475$b.C49 1999
=082  0\$a398/.083$221
=245  00$aChildren's Folklore : $bA Source Book / $cedited by Brian Sutton-Smith ... [et al.].
=264  \1$aLogan, Utah :$bUtah State University Press,$c1999.
=264  \3$aBaltimore, Md. :$bProject MUSE, $c2012
=264  \4$c&copy;1999.
=300  \\$a1 online resource (392 pages): $bill., digital file.
=336  \\$atext$btxt$2rdacontent
=337  \\$acomputer$bc$2rdamedia
=338  \\$aonline resource$bcr$2rdacarrier
=500  \\$aIssued as part of book collections on Project MUSE.
=500  \\$aOriginally published: New York : Garland, 1995, in series: Garland reference library of social science ; vol. 647.
=504  \\$aIncludes bibliographical references and index.
=505  0\$aIntroduction: What is children's folklore?  -- Who are the folklorists of childhood? - Overview: History of children's folklore -- The complexity of children's folklore -- The transmmission of children's folklore -- Overview: Methods in children's folklore -- Double dutch and double cameras: studying the transmission of culture in an urban school yard  -- Children's games and gaming -- Methodological problems of collecting folklore from children -- Overview: Children's folklore concerns -- Songs, poems, and rhymes -- Riddles -- Tales and legends -- Teases and pranks -- Overview: Settings and activities -- Children's lore in school and playgrounds -- Material folk culture of children -- Children's folklore in residential institutions: Summer camps, boarding schools, hospitals, and custodial facilities -- The past in the present: Theoretical directions for children's folklore -- Bibliography of children's folklore.
=506  0\$aOpen Access$fUnrestricted online access$2star
=588  \\$aDescription based on print version record.
=650  \0$aFolklore$xMethodology.
=650  \0$aChildren and folklore.
=650  \0$aChildren$vFolklore.
=655  \7$aElectronic books. $2local
=700  1\$aSutton-Smith, Brian.
=710  2\$aProject Muse.
=776  18$iPrint version:$z0874212804$z9780874212808$w(DLC)   99043962
=710  2\$aProject Muse.$edistributor
=830  \0$aBook collections on Project MUSE.
=856  40$zFull text available: $uhttps://muse.jhu.edu/book/9848/
=945  \\$aProject MUSE - Archive Complete Foundation
=945  \\$aProject MUSE - Archive Global Cultural Studies Foundation

