=LDR  01669cam a22004454a 4500
=001  musev2_9849
=003  MdBmJHUP
=005  20241011050350.0
=006  m\\\\\o\\d\\\\\\\\
=007  cr||||||||nn|n
=008  010119s2001\\\\utu\\\\\o\\\\\\00\0\eng\d
=010  \\$z  2001000415
=020  \\$a9780874214550
=020  \\$z9780874214178
=035  \\$a(OCoLC)647833163
=040  \\$aMdBmJHUP$cMdBmJHUP
=043  \\$an-us-ut$an-usp--
=050  04$aQL208$b.H46 2001
=082  0\$a591.9792$221
=100  1\$aHengesbaugh, Mark Gerard.
=245  10$aCreatures Of Habitat : $bThe Changing Nature of Wildlife and Wild Places in Utah and the Intermountain West / $cby Mark Gerard Hengesbaugh ; Dan Miller, photo editor ; foreword by Barry Scholl.
=264  \1$aLogan, Utah :$bUtah State University Press,$c2001.
=264  \3$aBaltimore, Md. :$bProject MUSE, $c2012
=264  \4$c&copy;2001.
=300  \\$a1 online resource (224 pages): $bill., maps ;
=336  \\$atext$btxt$2rdacontent
=337  \\$acomputer$bc$2rdamedia
=338  \\$aonline resource$bcr$2rdacarrier
=506  0\$aOpen Access$fUnrestricted online access$2star
=588  \\$aDescription based on print version record.
=650  \0$aHabitat (Ecology)$zGreat Basin.
=650  \0$aAnimals$zGreat Basin.
=650  \0$aHabitat (Ecology)$zUtah.
=650  \0$aAnimals$zUtah.
=655  \7$aElectronic books. $2local
=710  2\$aProject Muse.$edistributor
=830  \0$aBook collections on Project MUSE.
=856  40$zFull text available: $uhttps://muse.jhu.edu/book/9849/
=945  \\$aProject MUSE - Archive Complete Foundation
=945  \\$aProject MUSE - Archive Global Cultural Studies Foundation

