=LDR  01968cam a22004814a 4500
=001  musev2_9850
=003  MdBmJHUP
=005  20241011050351.0
=006  m\\\\\o\\d\\\\\\\\
=007  cr||||||||nn|n
=008  081120s2009\\\\utu\\\\\o\\\\\\00\0\eng\d
=010  \\$z  2008047646
=020  \\$a9780874217353
=020  \\$z9780874217346
=035  \\$a(OCoLC)593280323
=040  \\$aMdBmJHUP$cMdBmJHUP
=043  \\$an-us---
=050  04$aPE1405.U6$bS4 2009
=082  0\$a808/.0420711073$222
=100  1\$aScott, Tony,$d1968-
=245  10$aDangerous Writing : $bUnderstanding the Political Economy of Composition / $cTony Scott.
=264  \1$aLogan, Utah :$bUtah State University Press,$c2009.
=264  \3$aBaltimore, Md. :$bProject MUSE, $c2012
=264  \4$c&copy;2009.
=300  \\$a1 online resource (215 pages).
=336  \\$atext$btxt$2rdacontent
=337  \\$acomputer$bc$2rdamedia
=338  \\$aonline resource$bcr$2rdacarrier
=504  \\$aIncludes bibliographical references (p. [193]-199).
=506  0\$aOpen Access$fUnrestricted online access$2star
=588  \\$aDescription based on print version record.
=650  \0$aCollege students$zUnited States$xSocial conditions.
=650  \0$aCollege students$zUnited States$xEconomic conditions.
=650  \0$aAcademic writing$xStudy and teaching$xSocial aspects$zUnited States.
=650  \0$aAcademic writing$xStudy and teaching$xPolitical aspects$zUnited States.
=650  \0$aEnglish language$xRhetoric$xStudy and teaching (Higher)$xSocial aspects$zUnited States.
=650  \0$aEnglish language$xRhetoric$xStudy and teaching (Higher)$xPolitical aspects$zUnited States.
=655  \7$aElectronic books. $2local
=710  2\$aProject Muse.$edistributor
=830  \0$aBook collections on Project MUSE.
=856  40$zFull text available: $uhttps://muse.jhu.edu/book/9850/
=945  \\$aProject MUSE - Archive Complete Foundation
=945  \\$aProject MUSE - Archive Higher Education Foundation

