=LDR  02895cam a22005654a 4500
=001  musev2_9852
=003  MdBmJHUP
=005  20241011050352.0
=006  m\\\\\o\\d\\\\\\\\
=007  cr||||||||nn|n
=008  090731s2010\\\\utu\\\\\o\\\\\\00\0\eng\d
=010  \\$z  2009031474
=020  \\$a9780874217087
=020  \\$z9780874217070
=020  \\$z9781646423743
=035  \\$a(OCoLC)699513556
=040  \\$aMdBmJHUP$cMdBmJHUP
=043  \\$an-ust--
=050  04$aQE79.5$b.M33 2010
=082  0\$a557.92/59$222
=100  1\$aMadsen, Steven K.
=245  10$aExploring Desert Stone : $bJohn N. Macomb's 1859 Expedition to the Canyonlands of the Colorado / $cSteven K. Madsen.
=264  \1$aLogan, Utah :$bUtah State University Press,$c2010.
=264  \3$aBaltimore, Md. :$bProject MUSE, $c2012
=264  \4$c&copy;2010.
=300  \\$a1 online resource (296 pages): $bill. (some col.), maps (some col.) ;
=336  \\$atext$btxt$2rdacontent
=337  \\$acomputer$bc$2rdamedia
=338  \\$aonline resource$bcr$2rdacarrier
=500  \\$aOne folded col. map in pocket inside back cover.
=504  \\$aIncludes bibliographical references and index.
=505  0\$aThe story of the Macomb San Juan exploring expedition -- Organizing the expedition -- The expedition -- The expedition's aftermath -- The bones and the map -- Epilogue -- Selected documents of th San Juan exploring expedition -- The camps of the San Juan exploring expedition -- Diary of Charles H. Dimmock -- Topographical memoir of Charles H. Dimmock -- Abridged diary of John S. Newberry -- 1859 letters of John N. Macomb, Jr., to his wife -- Letters of John S. Newberry to Spencer F. Baird -- Letters of Frederick W. von Egloffstein to John N. Macomb, Jr.
=506  0\$aOpen Access$fUnrestricted online access$2star
=588  \\$aDescription based on print version record.
=650  \0$aPaleontology$zFour Corners Region$xHistory$y19th century.
=650  \0$aCanyons$zFour Corners Region$xHistory$y19th century.
=650  \0$aScientific expeditions$zFour Corners Region$xHistory$y19th century.
=650  \0$aGeological surveys$zFour Corners Region$xHistory$y19th century$vSources.
=650  \0$aGeological surveys$zFour Corners Region$xHistory$y19th century.
=600  10$aMacomb, J. N.$q(John N.),$d1810 or 11-1889$xTravel$zFour Corners Region.
=610  10$aUnited States.$bArmy.$bCorps of Topographical Engineers.
=651  \0$aColorado River (Colo.-Mexico)$xDiscovery and exploration.
=651  \0$aFour Corners Region$xDiscovery and exploration.
=651  \0$aFour Corners Region$xGeography.
=655  \7$aElectronic books. $2local
=710  2\$aProject Muse.$edistributor
=830  \0$aBook collections on Project MUSE.
=856  40$zFull text available: $uhttps://muse.jhu.edu/book/9852/
=945  \\$aProject MUSE - 2010 US Regional Studies, West
=945  \\$aProject MUSE - 2010 Complete

