=LDR  03055cam a22005534a 4500
=001  musev2_9853
=003  MdBmJHUP
=005  20241011050353.0
=006  m\\\\\o\\d\\\\\\\\
=007  cr||||||||nn|n
=008  071102s2008\\\\utu\\\\\o\\\\\\00\0\eng\d
=020  \\$a9780874216905
=020  \\$z9780874216899
=035  \\$a(OCoLC)437421095
=040  \\$aMdBmJHUP$cMdBmJHUP
=245  00$aLiving With Stories : $bTelling, Re-telling, and Remembering / $cedited by William Schneider ; with essays by Aron L. Crowell ... [et al].
=264  \1$aLogan :$bUtah State University Press,$c2008.
=264  \3$aBaltimore, Md. :$bProject MUSE, $c2012
=264  \4$c&copy;2008.
=300  \\$a1 online resource (181 pages): $billustrations ;
=336  \\$atext$btxt$2rdacontent
=337  \\$acomputer$bc$2rdamedia
=338  \\$aonline resource$bcr$2rdacarrier
=500  \\$aDescription based upon print version of record.
=505  0\$a1. Introduction -- William Schneider -- 2. The Giant Footprints: A Lived Sense of Story and Place -- Holly Cusack-McVeigh -- 3. The St. Lawrence Island Famine and Epidemic, 1878-80: A Yupik Narrative in Cultural and Historical Context -- Aron L. Crowell and Estelle Oozevaseuk -- 4. Singing and Retelling the Past -- Kirin Narayan -- 5. The Weight of Faith: Generative Metaphors in the Stories of Eva Castellanoz -- Joanne B. Mulcahy -- 6. The Representation of Politics and the Politics of Representation: Historicizing Palestinian Women's Narratives -- Sherna Berger Gluck -- 7. Performance/Participation: A Museum Case Study in Participatory Theatre -- Lorraine McConaghy -- 8. Afterword -- William Schneider -- Index
=506  0\$aOpen Access$fUnrestricted online access$2star
=520  \\$aIn essays about communities as varied as Alaskan Native, East Indian, Palestinian, Mexican, and African American, oral historians, folklorists, and anthropologists look at how traditional and historical oral narratives live through re-tellings, gaining meaning and significance in repeated performances, from varying contexts, through cultural and historical knowing, and due to tellers' consciousness of their audiences.
=546  \\$aEnglish.
=588  \\$aDescription based on print version record.
=650  \7$aStorytelling$2fast
=650  \7$aOral tradition$2fast
=650  \7$aOral history$2fast
=650  \7$aFolklore$xPerformance$2fast
=650  \6$aArt de conter.
=650  \6$aFolklore$xInterpretation.
=650  \6$aTradition orale.
=650  \6$aHistoire orale.
=650  \0$aStorytelling.
=650  \0$aFolklore$xPerformance.
=650  \0$aOral tradition.
=650  \0$aOral history.
=655  \7$aElectronic books. $2local
=700  1\$aSchneider, William S.,$d1946-
=700  1\$aCrowell, Aron,$d1952-
=710  2\$aProject Muse.$edistributor
=830  \0$aBook collections on Project MUSE.
=856  40$zFull text available: $uhttps://muse.jhu.edu/book/9853/
=945  \\$aProject MUSE - Archive Complete Foundation
=945  \\$aProject MUSE - Archive Global Cultural Studies Foundation

