=LDR  01451cam a22004214a 4500
=001  musev2_9854
=003  MdBmJHUP
=005  20241011050353.0
=006  m\\\\\o\\d\\\\\\\\
=007  cr||||||||nn|n
=008  080222s2008\\\\utu\\\\\o\\\\\\00\0\eng\d
=010  \\$z  2008008593
=020  \\$a9780874217209
=020  \\$z9780874217186
=020  \\$z9780874217193
=035  \\$a(OCoLC)654103925
=040  \\$aMdBmJHUP$cMdBmJHUP
=050  04$aPS3601.N5438$bM77 2008
=082  0\$a811/.6$222
=100  1\$aAnderson, Idris.
=245  10$aMrs. Ramsay's Knee / $cby Idris Anderson.
=264  \1$aLogan, Utah :$bUtah State University Press,$c2008.
=264  \3$aBaltimore, Md. :$bProject MUSE, $c2012
=264  \4$c&copy;2008.
=300  \\$a1 online resource (116 pages).
=336  \\$atext$btxt$2rdacontent
=337  \\$acomputer$bc$2rdamedia
=338  \\$aonline resource$bcr$2rdacarrier
=504  \\$aIncludes bibliographical references (p. 99-100).
=506  0\$aOpen Access$fUnrestricted online access$2star
=588  \\$aDescription based on print version record.
=650  \0$aAmerican poetry.
=655  \7$aElectronic books. $2local
=710  2\$aProject Muse.$edistributor
=830  \0$aBook collections on Project MUSE.
=856  40$zFull text available: $uhttps://muse.jhu.edu/book/9854/
=945  \\$aProject MUSE - Archive Complete Foundation
=945  \\$aProject MUSE - Archive Poetry, Fiction and Creative Non-Fiction Foundation

