=LDR  01547cam a22004454a 4500
=001  musev2_9855
=003  MdBmJHUP
=005  20241011050354.0
=006  m\\\\\o\\d\\\\\\\\
=007  cr||||||||nn|n
=008  950525s1995\\\\utu\\\\\o\\\\\\00\0\eng\d
=010  \\$z   95004422 
=020  \\$a9780874213201
=020  \\$z9780874211917
=020  \\$z9780874211962
=035  \\$a(OCoLC)42329001
=040  \\$aMdBmJHUP$cMdBmJHUP
=050  04$aGR81$b.O98 1995
=082  0\$a398/.4$220
=245  00$aOut Of The Ordinary : $bFolklore and the Supernatural / $cBarbara Walker, editor.
=264  \1$aLogan, Utah :$bUtah State University Press,$c1995.
=264  \3$aBaltimore, Md. :$bProject MUSE, $c2012
=264  \4$c&copy;1995.
=300  \\$a1 online resource (232 pages): $bill. ;
=336  \\$atext$btxt$2rdacontent
=337  \\$acomputer$bc$2rdamedia
=338  \\$aonline resource$bcr$2rdacarrier
=504  \\$aIncludes bibliographical references  (p. [203]-211) and index.
=506  0\$aOpen Access$fUnrestricted online access$2star
=588  \\$aDescription based on print version record.
=650  \0$aFolklore$zUnited States.
=650  \0$aSupernatural.
=650  \0$aFolklore.
=655  \7$aElectronic books. $2local
=700  1\$aWalker, Barbara,$d1946-
=710  2\$aProject Muse.$edistributor
=830  \0$aBook collections on Project MUSE.
=856  40$zFull text available: $uhttps://muse.jhu.edu/book/9855/
=945  \\$aProject MUSE - Archive Complete Foundation
=945  \\$aProject MUSE - Archive Literature Foundation

