=LDR  04148cam a22005894a 4500
=001  musev2_9857
=003  MdBmJHUP
=005  20241011050355.0
=006  m\\\\\o\\d\\\\\\\\
=007  cr||||||||nn|n
=008  090112s2007\\\\utu\\\\\o\\\\\\00\0\eng\d
=020  \\$a9780874215489
=020  \\$z9780874216585
=035  \\$a(OCoLC)298788366
=040  \\$aMdBmJHUP$cMdBmJHUP
=100  1\$aGodfrey, Matthew C.
=245  10$aReligion, Politics, and Sugar : $bThe LDS Church, the Federal Government, and the Utah-Idaho Sugar Company, 1907-1927 / $cMatthew C. Godfrey.
=264  \1$aLogan, Utah :$bUtah State University Press,$c2007.
=264  \3$aBaltimore, Md. :$bProject MUSE, $c2012
=264  \4$c©2007.
=300  \\$a1 online resource (232 pages): $billustrations, map
=336  \\$atext$btxt$2rdacontent
=337  \\$acomputer$bc$2rdamedia
=338  \\$aonline resource$bcr$2rdacarrier
=505  0\$aIntroduction -- The establishment of the sugar industry in Utah and Idaho, 1851-1907 -- Before the Hardwick Committee of the House of Representatives -- National sugar policies and the First World War -- Political and legal troubles in the aftermath of the First World War -- Restraint of trade : Federal Trade Commission v. Utah-Idaho Sugar -- Conclusion.
=506  0\$aOpen Access$fUnrestricted online access$2star
=520  \\$a"One famous target of Progressive Era attempts to rein in monopolistic big business was the eastern Sugar Trust. Less known is how federal regulators also tried to break monopoly control over beet sugar in the West by going after the Utah-Idaho Sugar Company, a business supported and controlled by the Latter-day Saints church and run by Mormon authorities. As sugar beet agriculture boomed, the Mormon church's involvement led directly to monopolistic practices by Utah-Idaho Sugar and to federal investigations. Church leaders encouraged members, a majority population in much of the intermountain West, to patronize the company exclusively, as suppliers and consumers. As early as 1890, Mormon church president Wilford Woodruff had called missionaries to raise money for the fledgling company and asserted divine inspiration for church support. Utah-Idaho bridged the cooperative, theocratic, self-sufficient economic model of nineteenth-century Mormonism and the integration of the Mormon West into the national market economy. Religion, Politics, and Sugar shows, through the example of an important western business, how national commercial, political, and legal forces in the early twentieth century came west and, more specifically, how they affected the important role the Mormon church played in economic affairs in the region."--Publisher's abstract
=588  \\$aDescription based on print version record.
=610  27$aUtah-Idaho Sugar Company$2fast
=610  27$aChurch of Jesus Christ of Latter-day Saints$2fast
=610  20$aChurch of Jesus Christ of Latter-day Saints$xPolitical activity.
=610  20$aChurch of Jesus Christ of Latter-day Saints$xFinance.
=610  20$aUtah-Idaho Sugar Company.
=650  \7$aSugar trade$xGovernment policy$2fast
=650  \7$aPolitical participation$2fast
=650  \7$aFinance$2fast
=650  \7$aBeet sugar industry$2fast
=650  \7$aHISTORY$xGeneral.$2bisacsh
=650  \7$aBUSINESS & ECONOMICS$xCorporate & Business History.$2bisacsh
=650  \7$aBUSINESS & ECONOMICS$xInfrastructure.$2bisacsh
=650  \6$aSucre$xIndustrie$xPolitique gouvernementale$zÉtats-Unis.
=650  \6$aSucre de betterave$xIndustrie$zÉtats-Unis$xHistoire.
=650  \0$aSugar trade$xGovernment policy$zUnited States.
=650  \0$aBeet sugar industry$zUnited States$xHistory.
=651  \7$aUnited States$2fast$1https://id.oclc.org/worldcat/entity/E39PBJtxgQXMWqmjMjjwXRHgrq
=655  \7$aHistory$2fast
=655  \7$aElectronic books. $2local
=710  2\$aProject Muse.$edistributor
=830  \0$aBook collections on Project MUSE.
=856  40$zFull text available: $uhttps://muse.jhu.edu/book/9857/
=945  \\$aProject MUSE - Archive Complete Foundation
=945  \\$aProject MUSE - Archive US Regional Studies, West Foundation

