=LDR  01593cam a22004454a 4500
=001  musev2_9859
=003  MdBmJHUP
=005  20241011050356.0
=006  m\\\\\o\\d\\\\\\\\
=007  cr||||||||nn|n
=008  000222s2000\\\\utu\\\\\o\\\\\\00\0\eng\d
=010  \\$z   00008454 
=020  \\$a9780874217667
=020  \\$z9780874212884
=035  \\$a(OCoLC)593280459
=040  \\$aMdBmJHUP$cMdBmJHUP
=043  \\$an-us-ut
=050  04$aCT3260$b.W684 2000
=082  0\$a920.72/09792$aB$221
=245  00$aWorth Their Salt Too : $bMore Notable But Often Unnoted Women of Utah / $cedited by Colleen Whitley.
=264  \1$aLogan :$bUtah State University Press,$c2000.
=264  \3$aBaltimore, Md. :$bProject MUSE, $c2012
=264  \4$c&copy;2000.
=300  \\$a1 online resource (332 pages): $bill. ;
=336  \\$atext$btxt$2rdacontent
=337  \\$acomputer$bc$2rdamedia
=338  \\$aonline resource$bcr$2rdacarrier
=504  \\$aIncludes bibliographical references (p. 313-322).
=506  0\$aOpen Access$fUnrestricted online access$2star
=588  \\$aDescription based on print version record.
=650  \0$aMormon women$zUtah$vBiography.
=650  \0$aWomen$zUtah$vBiography.
=651  \0$aUtah$vBiography.
=655  \7$aElectronic books. $2local
=700  1\$aWhitley, Colleen,$d1940-
=710  2\$aProject Muse.$edistributor
=830  \0$aBook collections on Project MUSE.
=856  40$zFull text available: $uhttps://muse.jhu.edu/book/9859/
=945  \\$aProject MUSE - Archive Complete Foundation
=945  \\$aProject MUSE - Archive US Regional Studies, West Foundation

