=LDR  02069cam a22005414a 4500
=001  musev2_9872
=003  MdBmJHUP
=005  20241011050405.0
=006  m\\\\\o\\d\\\\\\\\
=007  cr||||||||nn|n
=008  050804s2005\\\\utu\\\\\o\\\\\\00\0\eng\d
=010  \\$z  2005022566
=020  \\$a9780874215151
=020  \\$z9780874216233
=035  \\$a(OCoLC)62425180
=040  \\$aMdBmJHUP$cMdBmJHUP
=041  1\$aeng$anah$hnah
=043  \\$an-mx---
=050  04$aF1219$b.A6113 2005
=082  0\$a972$222
=130  0\$aAnónimo mexicano.$lEnglish & Nahuatl.
=245  10$aAnonimo Mexicano / $cedited by Richley H. Crapo, Bonnie Glass-Coffin.
=264  \1$aLogan, UT :$bUtah State University Press,$c2005.
=264  \3$aBaltimore, Md. :$bProject MUSE, $c2012
=264  \4$c©2005.
=300  \\$a1 online resource (120 pages): $bill., maps ;
=336  \\$atext$btxt$2rdacontent
=337  \\$acomputer$bc$2rdamedia
=338  \\$aonline resource$bcr$2rdacarrier
=504  \\$aIncludes bibliographical references (p. 102) and index.
=506  0\$aOpen Access$fUnrestricted online access$2star
=546  \\$aIncludes a full English translation, the original classical Nahuatl, and a modern Nahuatl version.
=588  \\$aDescription based on print version record.
=650  \0$aManuscripts, Nahuatl$zMexico$zTlaxcala (State)
=650  \0$aTlaxcalan Indians$xMigrations.
=650  \0$aTlaxcalan Indians$xHistory.
=650  \0$aTlaxcalan Indians$xOrigin.
=650  \0$aIndians of Mexico.
=651  \0$aTlaxcala (Mexico : State)$xHistory$vSources.
=655  \7$aElectronic books. $2local
=700  1\$aGlass-Coffin, Bonnie,$d1957-
=700  1\$aCrapo, Richley H.
=710  2\$aProject Muse.$edistributor
=830  \0$aBook collections on Project MUSE.
=856  40$zFull text available: $uhttps://muse.jhu.edu/book/9872/
=945  \\$aProject MUSE - Archive Complete Foundation
=945  \\$aProject MUSE - Archive Archaeology and Anthropology Foundation
=945  \\$aProject MUSE - Archive Native American and Indigenous Studies Foundation

