=LDR  01345cam a22003854a 4500
=001  musev2_9873
=003  MdBmJHUP
=005  20241011050406.0
=006  m\\\\\o\\d\\\\\\\\
=007  cr||||||||nn|n
=008  050516s2005\\\\utu\\\\\o\\\\\\00\0\eng\d
=010  \\$z  2005014247
=020  \\$a9780874215229
=020  \\$z9780874216196
=020  \\$z9780874216165
=035  \\$a(OCoLC)62425172
=040  \\$aMdBmJHUP$cMdBmJHUP
=050  04$aPS3602.R457$bB43 2005
=100  1\$aBrent, Frances Padorr.
=245  14$aBeautiful Lesson of the I : $bpoems / $cby Frances Brent.
=264  \1$aLogan, Utah :$bUtah State University Press,$c2005.
=264  \3$aBaltimore, Md. :$bProject MUSE, $c2012
=264  \4$c&copy;2005.
=300  \\$a1 online resource (73 pages).
=336  \\$atext$btxt$2rdacontent
=337  \\$acomputer$bc$2rdamedia
=338  \\$aonline resource$bcr$2rdacarrier
=506  0\$aOpen Access$fUnrestricted online access$2star
=588  \\$aDescription based on print version record.
=655  \7$aElectronic books. $2local
=710  2\$aProject Muse.$edistributor
=830  \0$aBook collections on Project MUSE.
=856  40$zFull text available: $uhttps://muse.jhu.edu/book/9873/
=945  \\$aProject MUSE - Archive Complete Foundation
=945  \\$aProject MUSE - Archive Poetry, Fiction and Creative Non-Fiction Foundation

