=LDR  01785cam a22004574a 4500
=001  musev2_9874
=003  MdBmJHUP
=005  20241011050407.0
=006  m\\\\\o\\d\\\\\\\\
=007  cr||||||||nn|n
=008  971215s1998\\\\utu\\\\\o\\\\\\00\0\eng\d
=010  \\$z   97045436 
=020  \\$a9780874213287
=020  \\$z9780874212419
=035  \\$a(OCoLC)42331007
=040  \\$aMdBmJHUP$cMdBmJHUP
=050  04$aPE1404$b.B587 1998
=082  0\$a808/.042/07$221
=100  1\$aBlack, Laurel Johnson,$d1957-
=245  10$aBetween Talk And Teaching : $bReconsidering the Writing Conference / $cLaurel Johnson Black.
=264  \1$aLogan, Utah :$bUtah State University Press,$c1998.
=264  \3$aBaltimore, Md. :$bProject MUSE, $c2012
=264  \4$c&copy;1998.
=300  \\$a1 online resource (187 pages).
=336  \\$atext$btxt$2rdacontent
=337  \\$acomputer$bc$2rdamedia
=338  \\$aonline resource$bcr$2rdacarrier
=504  \\$aIncludes bibliographical references (p. [169]-172).
=505  0\$aPower and talk -- Gender and conferencing -- Cross-cultural conferencing -- The affective dimension -- Possibilities works cited.
=506  0\$aOpen Access$fUnrestricted online access$2star
=588  \\$aDescription based on print version record.
=650  \0$aTutors and tutoring.
=650  \0$aTeacher-student relationships.
=650  \0$aReport writing$xStudy and teaching (Higher)
=650  \0$aEnglish language$xRhetoric$xStudy and teaching.
=655  \7$aElectronic books. $2local
=710  2\$aProject Muse.$edistributor
=830  \0$aBook collections on Project MUSE.
=856  40$zFull text available: $uhttps://muse.jhu.edu/book/9874/
=945  \\$aProject MUSE - Archive Complete Foundation
=945  \\$aProject MUSE - Archive Higher Education Foundation

