=LDR  01248cam a22003734a 4500
=001  musev2_10308
=003  MdBmJHUP
=005  20241011050908.0
=006  m\\\\\o\\d\\\\\\\\
=007  cr||||||||nn|n
=008  201109s1999\\\\xx\\\\\\o\\\\\\00\0\eng\d
=020  \\$a9780874213560
=020  \\$z9780874212785
=020  \\$z9780874212778
=035  \\$a(OCoLC)44958637
=040  \\$aMdBmJHUP$cMdBmJHUP
=100  1\$aGillian Bennett.
=245  10$aAlas Poor Ghost / 
=264  \1$bUtah State University$c1999.
=264  \3$aBaltimore, Md. :$bProject MUSE, $c2012
=264  \4$c&copy;1999.
=300  \\$a1 online resource (231 pages).
=336  \\$atext$btxt$2rdacontent
=337  \\$acomputer$bc$2rdamedia
=338  \\$aonline resource$bcr$2rdacarrier
=506  0\$aOpen Access$fUnrestricted online access$2star
=588  \\$aDescription based on print version record.
=655  \7$aElectronic books. $2local
=773  0\$tBooks at JSTOR: Open Access$dJSTOR
=710  2\$aProject Muse.$edistributor
=830  \0$aBook collections on Project MUSE.
=856  40$zFull text available: $uhttps://muse.jhu.edu/book/10308/
=945  \\$aProject MUSE - Archive Complete Foundation
=945  \\$aProject MUSE - Archive Global Cultural Studies Foundation

