=LDR  03322cam a22004934a 4500
=001  musev2_10315
=003  MdBmJHUP
=005  20241011050914.0
=006  m\\\\\o\\d\\\\\\\\
=007  cr||||||||nn|n
=008  110318s2011\\\\miu\\\\\o\\\\\\00\0\eng\d
=010  \\$z  2011011891
=020  \\$a9780472028023
=020  \\$z9780472034840
=020  \\$z0472028022
=020  \\$z0472034847
=035  \\$a(OCoLC)759036547
=040  \\$aMdBmJHUP$cMdBmJHUP
=043  \\$an-us-mi$an-us-ny
=050  04$aKF368.C648$bL43 2011
=082  0\$a340.092$aB$222
=100  1\$aLeary, Margaret A.
=245  10$aGiving It All Away : $bThe Story of William W. Cook and His Michigan Law Quadrangle / $cMargaret A. Leary ; foreword by Evan H. Caminker.
=264  \1$aAnn Arbor :$bUniversity of Michigan Press,$c2011.
=264  \3$aBaltimore, Md. :$bProject MUSE, $c2012
=264  \4$c&copy;2011.
=300  \\$a1 online resource (304 pages).
=336  \\$atext$btxt$2rdacontent
=337  \\$acomputer$bc$2rdamedia
=338  \\$aonline resource$bcr$2rdacarrier
=500  \\$aIncludes index.
=505  0\$aThe 1931 lawsuit -- 1858-82 : Hillsdale childhood, student days in Ann Arbor -- 1882-98 : the ambitious young New York lawyer, the brilliant writer on corporate law, the wooer and husband of Ida Olmstead, the indispensable employee of John Mackay -- 1898-1910 : divorcing Ida, thriving at the Mackay companies, losing a boss and mentor, becoming a man of property, establishing enduring friendships, making philanthropic plans for the University of Michigan -- 1910-19 : rapport with President Hutchins, less rapport with Dean Bates, meeting Myrtle White, making Michigan commitments, honoring a revered mother, moving into an elegant Manhattan town house, a possible case of heartbreak, continuing a distinguished legal career -- John T. Creighton : trustee or toad? -- 1920-27 : a bad diagnosis, researching a new book, the opening of the lawyers club, Dean Bates's endless missteps, the final break with blooming grove, law quad politics bedevil the wise-hearted men at Michigan, Clarence Cook Little arrives in Ann Arbor -- 1928-30 : agonizing over the fate of Port Chester, President Little's appalling lapse, an exasperated Regent Murfin picks up his pen, Cook takes command and resolves to finish the law quad, a funeral is held in Port Chester, Trustee Creighton makes mischief -- 1931-35 : a whole lot of litigation, Creighton obfuscates and delays, Regent Murfin continues as hero, Myrtle White miraculously reappears, Ida's suit settles, Hutchins Hall opens, dedication day for the law quadrangle, the Port Chester lawsuit ends in Michigan's favor -- The fate of everyone else.
=506  0\$aOpen Access$fUnrestricted online access$2star
=588  \\$aDescription based on print version record.
=600  10$aCook, William W.$q(William Wilson),$d1858-1930.
=650  \0$aPhilanthropists$zMichigan$vBiography.
=650  \0$aLawyers$zNew York$vBiography.
=610  20$aUniversity of Michigan.$bLaw School$xHistory.
=655  \7$aElectronic books. $2local
=710  2\$aProject Muse.$edistributor
=830  \0$aBook collections on Project MUSE.
=856  40$zFull text available: $uhttps://muse.jhu.edu/book/10315/
=945  \\$aProject MUSE - 2011 Complete
=945  \\$aProject MUSE - 2011 Higher Education

