=LDR  01909cam a22004574a 4500
=001  musev2_10428
=003  MdBmJHUP
=005  20241011051037.0
=006  m\\\\\o\\d\\\\\\\\
=007  cr||||||||nn|n
=008  090817s2005\\\\xx\\\\\\o\\\\\\00\0\eng\d
=020  \\$a9780874214987
=020  \\$z9780874215847
=020  \\$z9780874215816
=035  \\$a(OCoLC)646825723
=040  \\$aMdBmJHUP$cMdBmJHUP
=100  1\$aLindsay, Frannie.
=245  10$aWhere She Always Was / $cFrannie Lindsay, forward by J.D. McClatchy
=264  \1$aLogan :$bUtah State University Press,$c2005.
=264  \3$aBaltimore, Md. :$bProject MUSE, $c2012
=264  \4$c&copy;2005.
=300  \\$a1 online resource (79 pages).
=336  \\$atext$btxt$2rdacontent
=337  \\$acomputer$bc$2rdamedia
=338  \\$aonline resource$bcr$2rdacarrier
=505  0\$aCONTENTS; ACKNOWLEDGMENTS; FOREWORD; PART ONE; PART TWO; PART THREE; ABOUT THE AUTHOR; THE MAY SWENSON POETRY AWARD.
=506  0\$aOpen Access$fUnrestricted online access$2star
=520  \\$aWinner of the 8th annual Swenson Poetry Award. In his foreword, J.D. McClatchy speaks of the musical qualities of Lindsay's work: ''It is impossible, reading her poems, not to hear a musical hand at work. This is not just a matter of delicacy or virtuosity.
=588  \\$aDescription based on print version record.
=650  \7$aAmerican poetry$2fast
=650  \7$aPoetry$2fast
=650  \6$aPoesie$vCollections.
=650  \0$aPoetry$vCollections.
=650  \0$aAmerican poetry$y21st century.
=655  \7$aCollections$2fast
=655  \7$aElectronic books. $2local
=710  2\$aProject Muse.$edistributor
=830  \0$aBook collections on Project MUSE.
=856  40$zFull text available: $uhttps://muse.jhu.edu/book/10428/
=945  \\$aProject MUSE - Archive Complete Foundation
=945  \\$aProject MUSE - Archive Poetry, Fiction and Creative Non-Fiction Foundation

