=LDR  03711cam a22006494a 4500
=001  musev2_10429
=003  MdBmJHUP
=005  20241011051038.0
=006  m\\\\\o\\d\\\\\\\\
=007  cr||||||||nn|n
=008  031217s2003\\\\utu\\\\\o\\\\\\00\0\eng\d
=020  \\$a9780874214758
=020  \\$z9780874215564
=020  \\$z9780874215557
=035  \\$a(OCoLC)53924371
=040  \\$aMdBmJHUP$cMdBmJHUP
=100  1\$aToelken, Barre,$d1935-2018.$1https://id.oclc.org/worldcat/entity/E39PBJdRBYvpVXwdxGJqF78DMP
=245  14$aAnguish Of Snails : $bNative American Folklore in the West / $cBarre Toelken.
=264  \1$aLogan, Utah :$bUtah State University Press,$c2003.
=264  \3$aBaltimore, Md. :$bProject MUSE, $c2012
=264  \4$c©2003.
=300  \\$a1 online resource (216 pages): $billustrations (some color)
=336  \\$atext$btxt$2rdacontent
=337  \\$acomputer$bc$2rdamedia
=338  \\$aonline resource$bcr$2rdacarrier
=490  0\$aFolklife of the West ;$vv. 2
=505  00$tPrologue: the snail's clues --$tCultural patterns in Native American folklore: an introduction --$tVisual patterns of performance: arts --$tKinetic patterns of performance: dance --$tOral patterns of performance: story and song --$tPatterns and themes in Native humor --$tCultural patterns of discovery --$tEpilogue: "gleaning" and the active audience.
=506  0\$aOpen Access$fUnrestricted online access$2star
=520  \\$aAfter a career of working and living with Native Americans and studying their traditions, Barre Toelken has written this sweeping study of Native American folklore in the West. Within a framework of performance theory, cultural worldview, and collaborative research, he examines Native American visual arts, dance, oral tradition (story and song), humor, and patterns of thinking and discovery to demonstrate what can be gleaned from Indian traditions by Natives and non-Natives alike. In the process he considers popular distortions of Indian beliefs, demystifies many traditions by showing how they can be comprehended within their cultural contexts, considers why some aspects of Native American life are not meant to be understood by or shared with outsiders, and emphasizes how much can be learned through sensitivity to and awareness of cultural values.
=588  \\$aDescription based on print version record.
=650  \7$aVolkskunst$2gnd
=650  \7$aOral tradition$2fast
=650  \7$aIndians of North America$2fast
=650  \7$aFolklore$xPerformance$2fast
=650  \7$aFolklore$2fast
=650  \7$aSOCIAL SCIENCE$xGeneral.$2bisacsh
=650  \7$aSOCIAL SCIENCE$xFolklore & Mythology.$2bisacsh
=650  \6$aTradition orale$zÉtats-Unis (Ouest)
=650  \6$aFolklore$zÉtats-Unis (Ouest)$xClassification.
=650  \6$aFolklore$xInterpretation$zÉtats-Unis (Ouest)
=650  \6$aPeuples autochtones$zÉtats-Unis (Ouest)$vFolklore.
=650  \0$aOral tradition$zWest (U.S.)
=650  \0$aFolklore$zWest (U.S.)$xClassification.
=650  \0$aFolklore$xPerformance$zWest (U.S.)
=650  \0$aIndians of North America$zWest (U.S.)$vFolklore.
=651  \7$aIndianer.$2swd
=651  \7$aAmerika$zNordwest$2gnd
=651  \7$aWest United States$2fast
=655  \7$aFolklore$2fast
=655  \7$aClassification$2fast
=655  \7$aElectronic books. $2local
=710  2\$aProject Muse.$edistributor
=830  \0$aBook collections on Project MUSE.
=856  40$zFull text available: $uhttps://muse.jhu.edu/book/10429/
=945  \\$aProject MUSE - Archive Complete Foundation
=945  \\$aProject MUSE - Archive US Regional Studies, West Foundation
=945  \\$aProject MUSE - Archive Native American and Indigenous Studies Foundation

