=LDR  01592cam a22004334a 4500
=001  musev2_10430
=003  MdBmJHUP
=005  20241011051038.0
=006  m\\\\\o\\d\\\\\\\\
=007  cr||||||||nn|n
=008  090629s2009\\\\utu\\\\\o\\\\\\00\0\eng\d
=010  \\$z  2009026813
=020  \\$a9780874217513
=020  \\$z9780874217506
=035  \\$a(OCoLC)593333070
=040  \\$aMdBmJHUP$cMdBmJHUP
=050  04$aGR44.E43$bF65 2009
=082  0\$a398.02854678$222
=245  00$aFolklore and the Internet : $bVernacular Expression in a Digital World / $cedited by Trevor J. Blank.
=264  \1$aLogan, Utah :$bUtah State University Press,$c2009.
=264  \3$aBaltimore, Md. :$bProject MUSE, $c2012
=264  \4$c&copy;2009.
=300  \\$a1 online resource (270 pages): $bill. ;
=336  \\$atext$btxt$2rdacontent
=337  \\$acomputer$bc$2rdamedia
=338  \\$aonline resource$bcr$2rdacarrier
=504  \\$aIncludes bibliographical references (p. 231-253) and index.
=506  0\$aOpen Access$fUnrestricted online access$2star
=588  \\$aDescription based on print version record.
=650  \0$aDigital communications.
=650  \0$aFolklore$xComputer network resources.
=650  \0$aFolklore and the Internet.
=655  \7$aElectronic books. $2local
=700  1\$aBlank, Trevor J.
=710  2\$aProject Muse.$edistributor
=830  \0$aBook collections on Project MUSE.
=856  40$zFull text available: $uhttps://muse.jhu.edu/book/10430/
=945  \\$aProject MUSE - Archive Complete Foundation
=945  \\$aProject MUSE - Archive Global Cultural Studies Foundation

