=LDR  01705cam a22005054a 4500
=001  musev2_10431
=003  MdBmJHUP
=005  20241011051039.0
=006  m\\\\\o\\d\\\\\\\\
=007  cr||||||||nn|n
=008  030108s2003\\\\utu\\\\\o\\\\\\00\0\eng\d
=010  \\$z  2003000242
=020  \\$a9780874214772
=020  \\$z9780874215663
=020  \\$z9780874215601
=035  \\$a(OCoLC)53924619
=040  \\$aMdBmJHUP$cMdBmJHUP
=043  \\$an-us-ut
=050  04$aF830$b.G67 2003
=082  0\$a917.92/50433$221
=100  1\$aGordon, Greg,$d1963-
=245  10$aLandscape Of Desire / $cGreg Gordon.
=264  \1$aLogan :$bUtah State University Press,$c2003.
=264  \3$aBaltimore, Md. :$bProject MUSE, $c2012
=264  \4$c&copy;2003.
=300  \\$a1 online resource (225 pages).
=336  \\$atext$btxt$2rdacontent
=337  \\$acomputer$bc$2rdamedia
=338  \\$aonline resource$bcr$2rdacarrier
=504  \\$aIncludes bibliographical references (p. 206-213).
=506  0\$aOpen Access$fUnrestricted online access$2star
=588  \\$aDescription based on print version record.
=651  \0$aMoab Region (Utah)$xDescription and travel.
=651  \0$aUtah$xDescription and travel.
=650  \0$aGeology$zUtah.
=650  \0$aNatural history$zUtah.
=650  \0$aCanyons$zUtah.
=650  \0$aLandscapes$zUtah.
=600  10$aGordon, Greg,$d1963-$xTravel$zUtah.
=655  \7$aElectronic books. $2local
=710  2\$aProject Muse.$edistributor
=830  \0$aBook collections on Project MUSE.
=856  40$zFull text available: $uhttps://muse.jhu.edu/book/10431/
=945  \\$aProject MUSE - Archive Complete Foundation
=945  \\$aProject MUSE - Archive Higher Education Foundation

