=LDR  02207cam a22005294a 4500
=001  musev2_10565
=003  MdBmJHUP
=005  20241011051239.0
=006  m\\\\\o\\d\\\\\\\\
=007  cr||||||||nn|n
=008  110128s2011\\\\nhu\\\\\o\\\\\\00\0\eng\d
=010  \\$z  2011003210
=020  \\$a9781611680133
=020  \\$z9781584659990
=020  \\$z1611680131
=035  \\$a(OCoLC)730282795
=040  \\$aMdBmJHUP$cMdBmJHUP
=043  \\$an-us---
=050  04$aPS169.N35$bJ65 2011
=082  0\$a810.9$222
=100  1\$aJohannessen, Lene.
=245  10$aHorizons of Enchantment : $bEssays in the American Imaginary / $cLene M. Johannessen.
=264  \1$aHanover, N.H. :$bDartmouth College Press,$c2011.
=264  \3$aBaltimore, Md. :$bProject MUSE, $c2012
=264  \4$c&copy;2011.
=300  \\$a1 online resource (168 pages).
=336  \\$atext$btxt$2rdacontent
=337  \\$acomputer$bc$2rdamedia
=338  \\$aonline resource$bcr$2rdacarrier
=490  0\$aRe-mapping the transnational : a Dartmouth series in American studies
=504  \\$aIncludes bibliographical references and index.
=505  0\$aIntroduction: -- The imaginary -- "Perpetual progress" in Drude Krog Janson's A saloonkeeper's daughter -- Songs of different selves: Whitman and Gonzales -- The "long empty moment": Richard Ford's The sportswriter -- "Relations stretched out" in the American imaginary -- Recalling America: Huntington and Rodriguez.
=506  0\$aOpen Access$fUnrestricted online access$2star
=588  \\$aDescription based on print version record.
=650  \0$aExceptionalism$zUnited States.
=650  \0$aTransnationalism in literature.
=650  \0$aIndividualism in literature.
=650  \0$aNational characteristics, American, in literature.
=650  \0$aAmerican literature$xHistory and criticism.
=655  \7$aElectronic books. $2local
=710  2\$aProject Muse.$edistributor
=830  \0$aRe-mapping the transnational.
=830  \0$aBook collections on Project MUSE.
=856  40$zFull text available: $uhttps://muse.jhu.edu/book/10565/
=945  \\$aProject MUSE - 2011 American Studies
=945  \\$aProject MUSE - 2011 Complete
=945  \\$aProject MUSE - 2011 Literature

