=LDR  01874cam a22005174a 4500
=001  musev2_10577
=003  MdBmJHUP
=005  20241011051248.0
=006  m\\\\\o\\d\\\\\\\\
=007  cr||||||||nn|n
=008  110815s2011\\\\utu\\\\\o\\\\\\00\0\eng\d
=010  \\$z  2011034427
=020  \\$a9780874218541
=020  \\$z9780874218534
=020  \\$z9780874218589
=035  \\$a(OCoLC)763205336
=040  \\$aMdBmJHUP$cMdBmJHUP
=043  \\$an-ust---
=050  04$aE99.N3$bY74 2011
=082  0\$a979.1004/9726$223
=100  1\$aYoungdahl, Jay.
=245  10$aWorking on the Railroad, Walking in Beauty : $bNavajos, Hozho, and Track Work / $cJay Youngdahl.
=264  \1$aLogan, UT :$bUtah State University Press,$c2011.
=264  \3$aBaltimore, Md. :$bProject MUSE, $c2012
=264  \4$c&copy;2011.
=300  \\$a1 online resource (208 pages).
=336  \\$atext$btxt$2rdacontent
=337  \\$acomputer$bc$2rdamedia
=338  \\$aonline resource$bcr$2rdacarrier
=500  \\$aIncludes index.
=506  0\$aOpen Access$fUnrestricted online access$2star
=588  \\$aDescription based on print version record.
=650  \0$aRailroads$zSouthwest, New$xEmployees$xHistory.
=650  \0$aRailroad construction workers$zSouthwest, New$xHistory.
=650  \0$aNavajo Indians$xReligion.
=650  \0$aNavajo Indians$xSocial conditions.
=650  \0$aNavajo Indians$xEmployment.
=651  \0$aSouthwest, New$xPolitics and government.
=651  \0$aSouthwest, New$xRace relations.
=655  \7$aElectronic books. $2local
=710  2\$aProject Muse.$edistributor
=830  \0$aBook collections on Project MUSE.
=856  40$zFull text available: $uhttps://muse.jhu.edu/book/10577/
=945  \\$aProject MUSE - 2011 US Regional Studies, West
=945  \\$aProject MUSE - 2011 Complete
=945  \\$aProject MUSE - 2011 Native American and Indigenous Studies

