=LDR  01834cam a22005054a 4500
=001  musev2_10612
=003  MdBmJHUP
=005  20241011051311.0
=006  m\\\\\o\\d\\\\\\\\
=007  cr||||||||nn|n
=008  110518s2011\\\\utu\\\\\o\\\\\\00\0\eng\d
=010  \\$z  2011018997
=020  \\$a9780874218114
=020  \\$z9781607329282
=020  \\$z9780874218091
=035  \\$a(OCoLC)764691768
=040  \\$aMdBmJHUP$cMdBmJHUP
=043  \\$an-usp--
=050  04$aF591$b.F76 2011
=082  0\$a978$223
=100  1\$aFrancaviglia, Richard V.
=245  10$aGo East, Young Man : $bImagining the American West as the Orient / $cRichard V. Francaviglia.
=264  \1$aLogan :$bUtah State University Press,$c2011.
=264  \3$aBaltimore, Md. :$bProject MUSE, $c2012
=264  \4$c&copy;2011.
=300  \\$a1 online resource (360 pages): $bill. (some col.), maps ;
=336  \\$atext$btxt$2rdacontent
=337  \\$acomputer$bc$2rdamedia
=338  \\$aonline resource$bcr$2rdacarrier
=504  \\$aIncludes bibliographical references (p. 329-342) and index.
=506  0\$aOpen Access$fUnrestricted online access$2star
=588  \\$aDescription based on print version record.
=651  \0$aUnited States$xTerritorial expansion.
=651  \0$aAsia$xForeign public opinion, American.
=651  \0$aUnited States$xCivilization$xAsian influences.
=651  \0$aWest (U.S.)$xCivilization.
=650  \0$aEast and West.
=650  \0$aOrientalism$zWest (U.S.)$xHistory.
=655  \7$aElectronic books. $2local
=710  2\$aProject Muse.$edistributor
=830  \0$aBook collections on Project MUSE.
=856  40$zFull text available: $uhttps://muse.jhu.edu/book/10612/
=945  \\$aProject MUSE - 2011 US Regional Studies, West
=945  \\$aProject MUSE - 2011 American Studies
=945  \\$aProject MUSE - 2011 Complete

