=LDR  01876cam a22004814a 4500
=001  musev2_11300
=003  MdBmJHUP
=005  20241011052516.0
=006  m\\\\\o\\d\\\\\\\\
=007  cr||||||||nn|n
=008  110308s2011\\\\mdu\\\\\o\\\\\\00\0\eng\d
=010  \\$z  2011004735
=020  \\$a9781421428048
=020  \\$z9781421403946
=020  \\$z9781421401959
=035  \\$a(OCoLC)794700367
=040  \\$aMdBmJHUP$cMdBmJHUP
=043  \\$an-us---
=050  04$aTL789.8.U5$bF628 2011
=082  0\$a629.450082/0973$222
=100  1\$aFoster, Amy E.
=245  10$aIntegrating Women into the Astronaut Corps : $bPolitics and Logistics at NASA, 1972-2004 / $cAmy E. Foster.
=264  \1$aBaltimore :$bJohns Hopkins University Press,$c2011.
=264  \3$aBaltimore, Md. :$bProject MUSE, $c2012
=264  \4$c&copy;2011.
=300  \\$a1 online resource (224 pages): $bill. ;
=336  \\$atext$btxt$2rdacontent
=337  \\$acomputer$bc$2rdamedia
=338  \\$aonline resource$bcr$2rdacarrier
=490  0\$aNew series in NASA history
=504  \\$aIncludes bibliographical references (p. [161]-191) and index.
=506  0\$aOpen Access$fUnrestricted online access$2star
=588  \\$aDescription based on print version record.
=650  \0$aSex discrimination against women$zUnited States$xHistory.
=650  \0$aWomen astronauts$zUnited States$xHistory.
=610  10$aUnited States.$bNational Aeronautics and Space Administration$xRules and practice$xHistory.
=610  10$aUnited States.$bNational Aeronautics and Space Administration$xOfficials and employees$xHistory.
=655  \7$aElectronic books. $2local
=710  2\$aProject Muse.$edistributor
=830  \0$aBook collections on Project MUSE.
=856  40$zFull text available: $uhttps://muse.jhu.edu/book/11300/
=945  \\$aProject MUSE - 2011 Complete
=945  \\$aProject MUSE - 2011 History

