=LDR  01497cam a22003974a 4500
=001  musev2_12387
=003  MdBmJHUP
=005  20241011053824.0
=006  m\\\\\o\\d\\\\\\\\
=007  cr||||||||nn|n
=008  080704s2008\\\\onc\\\\\o\\\\\\00\0\fre\d
=020  \\$a9782760317871
=020  \\$z2760317870
=020  \\$z9782760306837
=020  \\$z2760306836
=035  \\$a(OCoLC)798295859
=040  \\$aMdBmJHUP$cMdBmJHUP
=100  1\$aJuillet, Luc,$d1969-
=245  10$aÀ la défense d'un idéal contesté : $bLe principe de mérite et la Commission de la fonction publique, 1908-2008 / $cLuc Juillet et Ken Rasmussen.
=264  \1$aOttawa :$bPresses de l'Universite d'Ottawa,$c2008.
=264  \3$aBaltimore, Md. :$bProject MUSE, $c2012
=264  \4$c©2008.
=300  \\$a1 online resource (300 pages).
=336  \\$atext$btxt$2rdacontent
=337  \\$acomputer$bc$2rdamedia
=338  \\$aonline resource$bcr$2rdacarrier
=506  0\$aOpen Access$fUnrestricted online access$2star
=588  \\$aDescription based on print version record.
=610  10$aPublic Service Commission of Canada$xHistory.
=610  26$aCommission de la Fonction publique du Canada$xHistoire.
=655  \7$aElectronic books. $2local
=710  2\$aProject Muse.$edistributor
=830  \0$aBook collections on Project MUSE.
=856  40$zFull text available: $uhttps://muse.jhu.edu/book/12387/
=945  \\$aProject MUSE - Archive Complete Foundation
=945  \\$aProject MUSE - Archive History Foundation

