=LDR  01654cam a22004934a 4500
=001  musev2_12390
=003  MdBmJHUP
=005  20241011053825.0
=006  m\\\\\o\\d\\\\\\\\
=007  cr||||||||nn|n
=008  080215s2007\\\\onc\\\\\o\\\\\\00\0\fre\d
=020  \\$a9782760317840
=020  \\$z2760306763
=020  \\$z2760317846
=020  \\$z9782760306769
=035  \\$a(OCoLC)798295864
=040  \\$aMdBmJHUP$cMdBmJHUP
=100  1\$aLaplante, Jacques.
=245  13$aLe Piège de la violence et les jeunes / $cJacques Laplante.
=264  \1$aOttawa :$bPresses de l'Universite d'Ottawa,$c2007.
=264  \3$aBaltimore, Md. :$bProject MUSE, $c2012
=264  \4$c©2007.
=300  \\$a1 online resource (228 pages).
=336  \\$atext$btxt$2rdacontent
=337  \\$acomputer$bc$2rdamedia
=338  \\$aonline resource$bcr$2rdacarrier
=506  0\$aOpen Access$fUnrestricted online access$2star
=588  \\$aDescription based on print version record.
=650  \0$aCollective behavior.
=650  \0$aSocial psychology.
=650  \0$aViolence.
=650  \0$aYouth$xPsychology.
=650  \0$aYouth and violence.
=650  \6$aComportement collectif.
=650  \6$aPsychologie sociale.
=650  \6$aViolence.
=650  \6$aJeunesse$xPsychologie.
=650  \6$aViolence chez les jeunes.
=655  \7$aElectronic books. $2local
=710  2\$aProject Muse.$edistributor
=830  \0$aBook collections on Project MUSE.
=856  40$zFull text available: $uhttps://muse.jhu.edu/book/12390/
=945  \\$aProject MUSE - Archive Complete Foundation
=945  \\$aProject MUSE - Archive Political Science and Policy Studies Foundation

