=LDR  01336cam a22003614a 4500
=001  musev2_12397
=003  MdBmJHUP
=005  20241011053832.0
=006  m\\\\\o\\d\\\\\\\\
=007  cr||||||||nn|n
=008  081107s2009\\\\onc\\\\\o\\\\\\00\0\fre\d
=020  \\$a9782760317925
=020  \\$z2760306909
=020  \\$z2760317927
=020  \\$z9782760306905
=035  \\$a(OCoLC)798295863
=040  \\$aMdBmJHUP$cMdBmJHUP
=245  03$aLa Rénovation de l'héritage démocratique : $bEntre fondation et refondation / $ccollectif dirige par Anne Trepanier ; [textes par Éric Bedard ... et al.].
=264  \1$aOttawa :$bPresses de l'Universite d'Ottawa,$c2009.
=264  \3$aBaltimore, Md. :$bProject MUSE, $c2012
=264  \4$c©2009.
=300  \\$a1 online resource (340 pages).
=336  \\$atext$btxt$2rdacontent
=337  \\$acomputer$bc$2rdamedia
=338  \\$aonline resource$bcr$2rdacarrier
=506  0\$aOpen Access$fUnrestricted online access$2star
=588  \\$aDescription based on print version record.
=655  \7$aElectronic books. $2local
=710  2\$aProject Muse.$edistributor
=830  \0$aBook collections on Project MUSE.
=856  40$zFull text available: $uhttps://muse.jhu.edu/book/12397/
=945  \\$aProject MUSE - Archive Complete Foundation
=945  \\$aProject MUSE - Archive History Foundation

