=LDR  01606cam a22004454a 4500
=001  musev2_12410
=003  MdBmJHUP
=005  20241011053839.0
=006  m\\\\\o\\d\\\\\\\\
=007  cr||||||||nn|n
=008  991217s2000\\\\onc\\\\\o\\\\\\00\0\fre\d
=020  \\$a9782760315365
=020  \\$z9782760305120
=020  \\$z2760305120
=020  \\$z2760315363
=035  \\$a(OCoLC)144082602
=040  \\$aMdBmJHUP$cMdBmJHUP
=100  1\$aBrochu, Andre,$d1942-
=245  10$aAnne Hébert : $bLe secret de vie et de mort / $cAndre Brochu.
=264  \1$aOttawa :$bPresses de l'Universite d'Ottawa,$c2000.
=264  \3$aBaltimore, Md. :$bProject MUSE, $c2012
=264  \4$c©2000.
=300  \\$a1 online resource (288 pages).
=336  \\$atext$btxt$2rdacontent
=337  \\$acomputer$bc$2rdamedia
=338  \\$aonline resource$bcr$2rdacarrier
=506  0\$aOpen Access$fUnrestricted online access$2star
=588  \\$aDescription based on print version record.
=600  10$aHebert, Anne,$d1916-2000$xCriticism and interpretation.
=600  16$aHebert, Anne,$d1916-2000$xCritique et interpretation.
=650  \0$aDeath instinct in literature.
=650  \0$aImpulse in literature.
=650  \6$aPulsion de mort dans la litterature.
=650  \6$aPulsions dans la litterature.
=655  \7$aElectronic books. $2local
=710  2\$aProject Muse.$edistributor
=830  \0$aBook collections on Project MUSE.
=856  40$zFull text available: $uhttps://muse.jhu.edu/book/12410/
=945  \\$aProject MUSE - Archive Complete Foundation
=945  \\$aProject MUSE - Archive Literature Foundation

