=LDR  02120cam a22004934a 4500
=001  musev2_12413
=003  MdBmJHUP
=005  20241011053841.0
=006  m\\\\\o\\d\\\\\\\\
=007  cr||||||||nn|n
=008  930428s1993\\\\onc\\\\\o\\\\\\00\0\fre\d
=020  \\$a9782760315471
=020  \\$z9782760302556
=020  \\$z2760302555
=020  \\$z2760315479
=035  \\$a(OCoLC)243586787
=040  \\$aMdBmJHUP$cMdBmJHUP
=100  1\$aGaffield, Chad,$d1951-
=245  10$aAux origines de l'identité franco-ontarien : $bÉducation, culture, économie / $cChad Gaffield ; traduction de Gilles Henault avec la collaboration de Lise Demers.
=264  \1$a[Ottawa] :$bPresses de l'Universite d'Ottawa,$c1993.
=264  \3$aBaltimore, Md. :$bProject MUSE, $c2012
=264  \4$c©1993.
=300  \\$a1 online resource (286 pages): $bill. ;
=336  \\$atext$btxt$2rdacontent
=337  \\$acomputer$bc$2rdamedia
=338  \\$aonline resource$bcr$2rdacarrier
=506  0\$aOpen Access$fUnrestricted online access$2star
=588  \\$aDescription based on print version record.
=650  \0$aFrench language$zOntario$zPrescott (County)
=650  \5$aCanadians, French-speaking$xEducation$zOntario$zPrescott (County)$xHistory$y19th century.
=650  \0$aLanguage and education$zOntario$zPrescott (County)$xHistory$y19th century.
=650  \6$aFrançais (Langue)$zOntario$zPrescott (Comte)
=650  \6$aCanadiens français$xÉducation$zOntario$zPrescott (Comte)$xHistoire$y19e siecle.
=650  \6$aLangage et education$zOntario$zPrescott (Comte)$xHistoire$y19e siecle.
=651  \0$aPrescott (Ont. : County)$xHistory.
=651  \0$aCanada$xEnglish-French relations.
=651  \6$aPrescott (Ont. : Comte)$xHistoire.
=651  \6$aCanada$xRelations entre anglophones et francophones.
=655  \7$aElectronic books. $2local
=710  2\$aProject Muse.$edistributor
=830  \0$aBook collections on Project MUSE.
=856  40$zFull text available: $uhttps://muse.jhu.edu/book/12413/
=945  \\$aProject MUSE - Archive Complete Foundation
=945  \\$aProject MUSE - Archive History Foundation

