=LDR  01741cam a22004214a 4500
=001  musev2_12414
=003  MdBmJHUP
=005  20241011053843.0
=006  m\\\\\o\\d\\\\\\\\
=007  cr||||||||nn|n
=008  010509s2001\\\\onc\\\\\o\\\\\\00\0\fre\d
=020  \\$a9782760315624
=020  \\$z9782760305359
=020  \\$z276030535X
=020  \\$z2760315622
=035  \\$a(OCoLC)794928101
=040  \\$aMdBmJHUP$cMdBmJHUP
=245  00$aChercheurs de dieux dans l'espace public - Frontier Religions in Public Space / $csous la direction de Pauline Côte ; avec la participation de Eileen Barker ... [et al.] = Frontier religions in public spaceedited by Pauline Côte ; contributors, Eileen Barker ... [et al.].
=264  \1$a[Ottawa] :$bPresses de l'Universite d'Ottawa = University of Ottawa Press,$c2001.
=264  \3$aBaltimore, Md. :$bProject MUSE, $c2012
=264  \4$c©2001.
=300  \\$a1 online resource (264 pages).
=336  \\$atext$btxt$2rdacontent
=337  \\$acomputer$bc$2rdamedia
=338  \\$aonline resource$bcr$2rdacarrier
=506  0\$aOpen Access$fUnrestricted online access$2star
=588  \\$aDescription based on print version record.
=650  \6$aLiberte religieuse$vCongres.
=650  \6$aPsychologie religieuse$vCongres.
=650  \6$aReligions$xAspect social$vCongres.
=650  \6$aSectes$xAspect social$vCongres.
=650  \6$aSociologie religieuse$vCongres.
=655  \7$aElectronic books. $2local
=710  2\$aProject Muse.$edistributor
=830  \0$aBook collections on Project MUSE.
=856  40$zFull text available: $uhttps://muse.jhu.edu/book/12414/
=945  \\$aProject MUSE - Archive Complete Foundation
=945  \\$aProject MUSE - Archive Philosophy and Religion Foundation

