=LDR  01651cam a22004334a 4500
=001  musev2_12418
=003  MdBmJHUP
=005  20241011053846.0
=006  m\\\\\o\\d\\\\\\\\
=007  cr||||||||nn|n
=008  980803s1998\\\\onc\\\\\o\\\\\\00\0\fre\d
=020  \\$a9782760315853
=020  \\$z2760315851
=020  \\$z9782760304802
=020  \\$z2760304809
=035  \\$a(OCoLC)144082272
=040  \\$aMdBmJHUP$cMdBmJHUP
=245  00$aEnseignement de la traduction et traduction dans l'enseignement / $csous la direction de Jean Delisle et Hannelore Lee-Jahnke ; preface de Maurice Pergnier.
=264  \1$aOttawa :$bPresses de l'Universite d'Ottawa,$c1998.
=264  \3$aBaltimore, Md. :$bProject MUSE, $c2012
=264  \4$c©1998.
=300  \\$a1 online resource (262 pages).
=336  \\$atext$btxt$2rdacontent
=337  \\$acomputer$bc$2rdamedia
=338  \\$aonline resource$bcr$2rdacarrier
=506  0\$aOpen Access$fUnrestricted online access$2star
=588  \\$aDescription based on print version record.
=650  \0$aMetalanguage$xCongresses.
=650  \0$aTranslating and interpreting$vCongresses.
=650  \0$aTranslating and interpreting$xStudy and teaching$vCongresses.
=650  \6$aMetalangage$xCongres.
=650  \6$aTraduction$vCongres.
=650  \6$aTraduction$xÉtude et enseignement$vCongres.
=655  \7$aElectronic books. $2local
=710  2\$aProject Muse.$edistributor
=830  \0$aBook collections on Project MUSE.
=856  40$zFull text available: $uhttps://muse.jhu.edu/book/12418/
=945  \\$aProject MUSE - Archive Complete Foundation
=945  \\$aProject MUSE - Archive Literature Foundation

