=LDR  01729cam a22004574a 4500
=001  musev2_12419
=003  MdBmJHUP
=005  20241011053846.0
=006  m\\\\\o\\d\\\\\\\\
=007  cr||||||||nn|n
=008  040930s2004\\\\onc\\\\\o\\\\\\00\0\fre\d
=020  \\$a9782760315860
=020  \\$z9782760305854
=020  \\$z276031586X
=020  \\$z2760305856
=035  \\$a(OCoLC)180704078
=040  \\$aMdBmJHUP$cMdBmJHUP
=245  00$aEsthétique et recyclages culturels : $bExplorations de la culture contemporaine / $csous la direction de Jean Klucinskas et de Walter Moser.
=264  \1$aOttawa :$bPresses de l'Universite d'Ottawa,$c2004.
=264  \3$aBaltimore, Md. :$bProject MUSE, $c2012
=264  \4$c©2004.
=300  \\$a1 online resource (272 pages).
=336  \\$atext$btxt$2rdacontent
=337  \\$acomputer$bc$2rdamedia
=338  \\$aonline resource$bcr$2rdacarrier
=506  0\$aOpen Access$fUnrestricted online access$2star
=588  \\$aDescription based on print version record.
=650  \0$aArts, Modern$y20th century$vCongresses.
=650  \0$aAesthetics, Modern$y20th century$vCongresses.
=650  \0$aAcculturation$vCongresses.
=650  \0$aCivilization, Modern$y1950$vCongresses.
=650  \6$aArts$y20e siecle$vCongres.
=650  \6$aEsthetique$y20e siecle$vCongres.
=650  \6$aAcculturation$vCongres.
=650  \6$aCivilisation$y1950-$vCongres.
=655  \7$aElectronic books. $2local
=710  2\$aProject Muse.$edistributor
=830  \0$aBook collections on Project MUSE.
=856  40$zFull text available: $uhttps://muse.jhu.edu/book/12419/
=945  \\$aProject MUSE - Archive Complete Foundation
=945  \\$aProject MUSE - Archive Global Cultural Studies Foundation

