=LDR  02093cam a22005174a 4500
=001  musev2_12423
=003  MdBmJHUP
=005  20241011053849.0
=006  m\\\\\o\\d\\\\\\\\
=007  cr||||||||nn|n
=008  961016s1996\\\\onc\\\\\o\\\\\\00\0\fre\d
=020  \\$a9782760315945
=020  \\$z276030437X
=020  \\$z9782760304376
=020  \\$z2760315940
=035  \\$a(OCoLC)180704435
=040  \\$aMdBmJHUP$cMdBmJHUP
=110  2\$aReseau des chercheures feministes de l'Ontario français.$bColloque$n(2e :$d1995 :$cInstitut d'etudes pedagogiques de l'Ontario)
=245  10$aFemmes francophones et pluralisme en milieu minoritaire / $csous la direction de Dyane Adam.
=264  \1$a[Ottawa] :$bPresses de l'Universite d'Ottawa,$c1996.
=264  \3$aBaltimore, Md. :$bProject MUSE, $c2012
=264  \4$c©1996.
=300  \\$a1 online resource (144 pages).
=336  \\$atext$btxt$2rdacontent
=337  \\$acomputer$bc$2rdamedia
=338  \\$aonline resource$bcr$2rdacarrier
=506  0\$aOpen Access$fUnrestricted online access$2star
=588  \\$aDescription based on print version record.
=650  \0$aMulticulturalism$zCanada$vCongresses.
=650  \0$aLinguistic minorities$zCanada$vCongresses.
=650  \0$aWomen$xEducation$zCanada$xCongresses.
=650  \0$aWomen$xHealth and hygiene$zCanada$xCongresses.
=650  \5$aCanadians, French-speaking$vCongresses.
=650  \0$aWomen$zCanada$xIdentity$xCongresses.
=650  \6$aMulticulturalisme$zCanada$vCongres.
=650  \6$aMinorites linguistiques$zCanada$vCongres.
=650  \6$aFemmes$xÉducation$zCanada$xCongres.
=650  \6$aFemmes$xSante et hygiene$zCanada$xCongres.
=650  \6$aCanadiens français$vCongres.
=650  \6$aFemmes$zCanada$xIdentite$xCongres.
=655  \7$aElectronic books. $2local
=710  2\$aProject Muse.$edistributor
=830  \0$aBook collections on Project MUSE.
=856  40$zFull text available: $uhttps://muse.jhu.edu/book/12423/
=945  \\$aProject MUSE - Archive Complete Foundation
=945  \\$aProject MUSE - Archive Global Cultural Studies Foundation

