=LDR  01717cam a22004934a 4500
=001  musev2_12424
=003  MdBmJHUP
=005  20241011053849.0
=006  m\\\\\o\\d\\\\\\\\
=007  cr||||||||nn|n
=008  001114s2001\\\\onc\\\\\o\\\\\\00\0\fre\d
=020  \\$a9782760316195
=020  \\$z276031619X
=020  \\$z2760305295
=020  \\$z9782760305298
=035  \\$a(OCoLC)144083072
=040  \\$aMdBmJHUP$cMdBmJHUP
=245  03$aLa Démocratie à l'épreuve de la gouvernance / $c[sous la direction de] Linda Cardinal, Caroline Andrew.
=264  \1$aOttawa :$bPresses de l'Universite d'Ottawa,$c2001.
=264  \3$aBaltimore, Md. :$bProject MUSE, $c2012
=264  \4$c©2001.
=300  \\$a1 online resource (248 pages).
=336  \\$atext$btxt$2rdacontent
=337  \\$acomputer$bc$2rdamedia
=338  \\$aonline resource$bcr$2rdacarrier
=506  0\$aOpen Access$fUnrestricted online access$2star
=588  \\$aDescription based on print version record.
=650  \0$aDecentralization in government.
=650  \0$aPolitical rights.
=650  \0$aPolitical participation.
=650  \0$aPolitical science.
=650  \0$aDemocracy.
=650  \6$aDecentralisation administrative.
=650  \6$aSociete civile.
=650  \6$aDroits politiques.
=650  \6$aParticipation politique.
=650  \6$aScience politique.
=650  \6$aDemocratie.
=655  \7$aElectronic books. $2local
=710  2\$aProject Muse.$edistributor
=830  \0$aBook collections on Project MUSE.
=856  40$zFull text available: $uhttps://muse.jhu.edu/book/12424/
=945  \\$aProject MUSE - Archive Complete Foundation
=945  \\$aProject MUSE - Archive Political Science and Policy Studies Foundation

