=LDR  01621cam a22004814a 4500
=001  musev2_12429
=003  MdBmJHUP
=005  20241011053852.0
=006  m\\\\\o\\d\\\\\\\\
=007  cr||||||||nn|n
=008  010308s2001\\\\onc\\\\\o\\\\\\00\0\fre\d
=020  \\$a9782760316294
=020  \\$z2760305325
=020  \\$z2760316297
=020  \\$z9782760305328
=035  \\$a(OCoLC)144082545
=040  \\$aMdBmJHUP$cMdBmJHUP
=100  1\$aLaplante, Jacques.
=245  13$aLa Violence, la peur et le crime / $cJacques Laplante.
=264  \1$aOttawa :$bPresses de l'Universite d'Ottawa,$c2001.
=264  \3$aBaltimore, Md. :$bProject MUSE, $c2012
=264  \4$c&copy;2001.
=300  \\$a1 online resource (148 pages).
=336  \\$atext$btxt$2rdacontent
=337  \\$acomputer$bc$2rdamedia
=338  \\$aonline resource$bcr$2rdacarrier
=490  0\$aSciences sociales,$x1480-4719 ;$vno 26.$aTheories sociales
=506  0\$aOpen Access$fUnrestricted online access$2star
=588  \\$aDescription based on print version record.
=650  \0$aSocial psychology.
=650  \0$aFear.
=650  \0$aViolence.
=650  \0$aCrime$xSocial aspects.
=650  \6$aPsychologie sociale.
=650  \6$aPeur.
=650  \6$aViolence.
=650  \6$aCriminalite$xAspect social.
=655  \7$aElectronic books. $2local
=710  2\$aProject Muse.$edistributor
=830  \0$aBook collections on Project MUSE.
=856  40$zFull text available: $uhttps://muse.jhu.edu/book/12429/
=945  \\$aProject MUSE - Archive Complete Foundation
=945  \\$aProject MUSE - Archive Political Science and Policy Studies Foundation

