=LDR  03449cam a22005774a 4500
=001  musev2_12432
=003  MdBmJHUP
=005  20241011053854.0
=006  m\\\\\o\\d\\\\\\\\
=007  cr||||||||nn|n
=008  120411r20121997onc\\\\\o\\\\\\00\0\fre\d
=020  \\$a9782760316355
=020  \\$z2760316351
=020  \\$z9782760304390
=020  \\$z2760304396
=035  \\$a(OCoLC)144083606
=040  \\$aMdBmJHUP$cMdBmJHUP
=043  \\$an-cn---$an-cn-qu
=050  \4$aF1053.2$bM273 1997
=082  0\$a971/.004114$221
=100  1\$aMartel, Marcel,$d1965-
=245  13$aLe Deuil d'un pays imaginé : $bRêves, luttes et déroute du Canada français / $cMarcel Martel.
=264  \1$a[Ottawa, Ont.] :$bPresses de l'Universite d'Ottawa,$c1997.
=264  \3$aBaltimore, Md. :$bProject MUSE, $c2012
=264  \4$c©1997.
=300  \\$a1 online resource (204 pages): $bdigital file.
=336  \\$atext$btxt$2rdacontent
=337  \\$acomputer$bc$2rdamedia
=338  \\$aonline resource$bcr$2rdacarrier
=490  0\$aCollection Amerique française
=500  \\$aIssued as part of book collections on Project MUSE.
=500  \\$aIssued as part of book collections on Project MUSE.
=504  \\$aIncludes bibliographical references and index.
=505  0\$aRemerciements -- Tableau des sigles --; Chronologie -- Introduction -- Chapitre un: Le Canada français se decouvre : formulation d'un projet de societe (1867-1937) -- Chapitre deux: Le Conseil de la vie française en Amerique : un pilier du reseau institutionnel canadien-français -- Chapitre trois: Le Canada français à l'oeuvre : le Conseil de la vie française en Amerique (1945-1960) -- Chapitre quatre: De l'euphorie au desenchantement : l'intervention gouvernementale quebecoise (1956-1975) -- Chapitre cinq: Les annees 1960 : contestations et transformations du projet du Canada français.
=506  0\$aOpen Access$fUnrestricted online access$2star
=520  \\$aDepuis 1960, les relations entre le Quebec et la francophonie canadienne n'ont pas cesse de s'effriter. En fait, la Revolution tranquille a apporte dans son sillage le renouvellement du discours identitaire au Canada français. Marcel Martel nous livre ici une fascinante etude historique et politique des rapports entre ces communautes de 1867 à 1975, annee precedent l'election du Parti Quebecois. Faisant l'etude de quelques-uns des principaux catalyseurs tels l'Ordre de Jacques-Cartier, le Conseil de la vie française en Amerique, l'Association canadienne-française d'education de l'Ontario, le D.
=550  \\$aCo-published by: Centre de recherche en civilisation canadienne-française.
=588  \\$aDescription based on print version record.
=610  20$aConseil de la vie française en Amerique.
=650  \0$aNationalism$zQuebec (Province)
=651  \0$aQuebec (Province)$xHistory$xAutonomy and independence movements.
=655  \7$aElectronic books. $2local
=710  2\$aProject Muse.
=710  2\$aUniversite d'Ottawa.$bCentre de recherche en civilisation canadienne-française.
=776  18$iPrint version:$z2760304396$z9782760304390
=710  2\$aProject Muse.$edistributor
=830  \0$aCollection Amerique française.
=830  \0$aBook collections on Project MUSE.
=856  40$zFull text available: $uhttps://muse.jhu.edu/book/12432/
=945  \\$aProject MUSE - Archive Complete Foundation
=945  \\$aProject MUSE - Archive History Foundation

