=LDR  03332cam a22005654a 4500
=001  musev2_12440
=003  MdBmJHUP
=005  20241011053901.0
=006  m\\\\\o\\d\\\\\\\\
=007  cr||||||||nn|n
=008  120411r20121999onc\\\\\o\\\\\\00\0\fre\d
=020  \\$a9782760316744
=020  \\$z2760304906
=020  \\$z2760316742
=020  \\$z9782760304901
=035  \\$a(OCoLC)144082636
=040  \\$aMdBmJHUP$cMdBmJHUP
=050  \4$aJA71$b.P58 1999
=082  0\$a320/.01$221
=245  00$aPluralisme et délibération : $bEnjeux en philosophie politique contemporaine / $csous la direction de Koula Mellos et Patrick Savidan.
=264  \1$aOttawa [Ont.] :$bPresses de l'Universite d'Ottawa,$c1999.
=264  \3$aBaltimore, Md. :$bProject MUSE, $c2012
=264  \4$c©1999.
=300  \\$a1 online resource (208 pages): $bdigital file.
=336  \\$atext$btxt$2rdacontent
=337  \\$acomputer$bc$2rdamedia
=338  \\$aonline resource$bcr$2rdacarrier
=490  0\$aPhilosophica,$x1480-4670 ;$vno 50
=500  \\$aIssued as part of book collections on Project MUSE.
=504  \\$aIncludes bibliographical references.
=505  0\$aAvant-propos -- 1. Voix discordantes dans la philosophie politique contemporaine – 2. La guerre des dieux : remarques sur les fondements philosophiques du multiculturalisme -- 3. Raison publique, raisons non publiques : les citoyens liberaux et leurs convictions morales -- 4. Democratie et rationalite : la question de l'autonomie du sujet dans deux modeles de democratie -- 5. La democratie et le defi des particularismes -- 6. L'ethique philosophique selon H.-G. Gadamer : le probleme de l'application --7. Vers une ethique du droit : critique de l'ethique du bien chez Taylor -- 8. La realite existante est chancelante et brisee -- 9. La rencontre de l'alterite : vers une hybridite politique.
=506  0\$aOpen Access$fUnrestricted online access$2star
=520  \\$aCet ouvrage à voix plurielles se place resolument dans une perspective interdisciplinaire. Neuf auteurs de premier plan, oeuvrant sous des horizons diversifies, se confrontent à la crise actuelle de la democratie. Une these centrale ordonne le travail d'analyse : cette crise tire son origine de l'oubli de la notion même de democratie, dans le rejet de toute problematique de fondements. Identite et difference, communaute et pluralisme, droits individuels et droit collectifs, discours public et legitimation de valeurs, autant de problemes cruciaux pour le renouvellement de la democratie et de sa.
=588  \\$aDescription based on print version record.
=650  \0$aIndividuation (Philosophy)
=650  \0$aDemocracy.
=650  \0$aCultural pluralism.
=650  \0$aPolitical science$xPhilosophy.
=650  \0$aPolitical ethics.
=655  \7$aElectronic books. $2local
=700  1\$aSavidan, Patrick,$d1965-
=700  1\$aMellos, Koula,$d1942-
=710  2\$aProject Muse.
=776  18$iPrint version:$z2760304906$z9782760304901
=710  2\$aProject Muse.$edistributor
=830  \0$aCollection Philosophica ;$vno 50.
=830  \0$aBook collections on Project MUSE.
=856  40$zFull text available: $uhttps://muse.jhu.edu/book/12440/
=945  \\$aProject MUSE - Archive Complete Foundation
=945  \\$aProject MUSE - Archive Philosophy and Religion Foundation

