=LDR  01882cam a22005174a 4500
=001  musev2_12448
=003  MdBmJHUP
=005  20241011053906.0
=006  m\\\\\o\\d\\\\\\\\
=007  cr||||||||nn|n
=008  050621s2004\\\\onc\\\\\o\\\\\\00\0\fre\d
=010  \\$z  2005415487
=020  \\$a9782760317406
=020  \\$z2760305813
=020  \\$z2760317404
=020  \\$z9782760305816
=035  \\$a(OCoLC)144082397
=040  \\$aMdBmJHUP$cMdBmJHUP
=041  0\$afre$aeng
=050  04$aPQ3919.2.H87$bZ92 2004
=082  0\$a843/.914$222
=245  00$aVision-Division : $bL'oeuvre de Nancy Huston / $csous la direction de Marta Dvořák et Jane Koustas.
=264  \1$aOttawa :$bPresses de l'Universite d'Ottawa,$c2004.
=264  \3$aBaltimore, Md. :$bProject MUSE, $c2012
=264  \4$c©2004.
=300  \\$a1 online resource (160 pages).
=336  \\$atext$btxt$2rdacontent
=337  \\$acomputer$bc$2rdamedia
=338  \\$aonline resource$bcr$2rdacarrier
=490  0\$aCollection internationale d'etudes canadiennes,$x1489-713X = International Canadian studies series
=504  \\$aIncludes bibliographical references.
=506  0\$aOpen Access$fUnrestricted online access$2star
=546  \\$aFrench and English.
=588  \\$aDescription based on print version record.
=600  10$aHuston, Nancy,$d1953-$xCriticism and interpretation.
=650  \0$aHypocrisy in literature.
=650  \0$aDoubles in literature.
=655  \7$aElectronic books. $2local
=700  1\$aKoustas, Jane,$d1954-
=700  1\$aDvorak, Marta.
=710  2\$aProject Muse.$edistributor
=830  \0$aInternational Canadian studies series.
=830  \0$aBook collections on Project MUSE.
=856  40$zFull text available: $uhttps://muse.jhu.edu/book/12448/
=945  \\$aProject MUSE - Archive Complete Foundation
=945  \\$aProject MUSE - Archive Literature Foundation

