=LDR  02040cam a22004814a 4500
=001  musev2_12452
=003  MdBmJHUP
=005  20241011053909.0
=006  m\\\\\o\\d\\\\\\\\
=007  cr||||||||nn|n
=008  950530s1995\\\\utu\\\\\o\\\\\\00\0\eng\d
=010  \\$z   95004427 
=020  \\$a9780874213478
=020  \\$z9780874211979
=020  \\$z9780874211931
=035  \\$a(OCoLC)44962831
=040  \\$aMdBmJHUP$cMdBmJHUP
=043  \\$an-us-ut
=050  04$aHE4071.U49$bG68 1995
=082  0\$a385/.092$aB$220
=100  1\$aGould, William John Gilbert,$d1888-1961.
=245  10$aMy Life On Mountain Railroads / $cWilliam John Gilbert Gould ; edited by William R. Gould.
=264  \1$aLogan, Utah :$bUtah State University Press,$c1995.
=264  \3$aBaltimore, Md. :$bProject MUSE, $c2012
=264  \4$c&copy;1995.
=300  \\$a1 online resource (264 pages): $bill., map ;
=336  \\$atext$btxt$2rdacontent
=337  \\$acomputer$bc$2rdamedia
=338  \\$aonline resource$bcr$2rdacarrier
=500  \\$aIncludes index.
=505  0\$aTrackside childhood -- From newsboy to roundhouse : starting to work -- Learning to fire -- Life along the rails -- My mentor on the road -- At the rat hole flashing the door -- Old heads, rails, and boomers -- Railroad hazards and wrecks -- Engineer on the Rio Grande -- Running the Utah trains -- Life on the Utah railway.
=506  0\$aOpen Access$fUnrestricted online access$2star
=588  \\$aDescription based on print version record.
=600  10$aGould, William John Gilbert,$d1888-1961.
=650  \0$aMountain railroads$zUtah$xEmployees$xBiography.
=650  \0$aMountain railroads$zUtah$xHistory.
=655  \7$aElectronic books. $2local
=700  1\$aGould, William R.,$d1919-
=710  2\$aProject Muse.$edistributor
=830  \0$aBook collections on Project MUSE.
=856  40$zFull text available: $uhttps://muse.jhu.edu/book/12452/
=945  \\$aProject MUSE - Archive Complete Foundation
=945  \\$aProject MUSE - Archive US Regional Studies, West Foundation

