=LDR  01780cam a22004694a 4500
=001  musev2_12453
=003  MdBmJHUP
=005  20241011053909.0
=006  m\\\\\o\\d\\\\\\\\
=007  cr||||||||nn|n
=008  010803r20011988utu\\\\\o\\\\\\00\0\eng\d
=010  \\$z  2001046525
=020  \\$a9780874216714
=020  \\$z9780874214246
=035  \\$a(OCoLC)126804515
=040  \\$aMdBmJHUP$cMdBmJHUP
=043  \\$an-ust--
=050  04$aE99.N3$bM34 2001
=082  0\$a979.1004/972$221
=100  1\$aMcPherson, Robert S.,$d1947-
=245  14$aNorthern Navajo Frontier 1860 1900 / $cRobert S. McPherson.
=264  \1$aLogan, Utah :$bUtah State University Press,$c2001.
=264  \3$aBaltimore, Md. :$bProject MUSE, $c2012
=264  \4$c&copy;2001.
=300  \\$a1 online resource (151 pages): $bill., maps ;
=336  \\$atext$btxt$2rdacontent
=337  \\$acomputer$bc$2rdamedia
=338  \\$aonline resource$bcr$2rdacarrier
=500  \\$aOriginally published: Albuquerque : University of New Mexico Press, c1988.
=504  \\$aIncludes bibliographical references (p. 119-125) and index.
=506  0\$aOpen Access$fUnrestricted online access$2star
=588  \\$aDescription based on print version record.
=650  \0$aFrontier and pioneer life$zSouthwest, New.
=650  \0$aNavajo Indians$xLand tenure.
=650  \0$aNavajo Indians$xHistory.
=655  \7$aElectronic books. $2local
=710  2\$aProject Muse.$edistributor
=830  \0$aBook collections on Project MUSE.
=856  40$zFull text available: $uhttps://muse.jhu.edu/book/12453/
=945  \\$aProject MUSE - Archive Complete Foundation
=945  \\$aProject MUSE - Archive US Regional Studies, West Foundation
=945  \\$aProject MUSE - Archive Native American and Indigenous Studies Foundation

