=LDR  02211cam a22005414a 4500
=001  musev2_12454
=003  MdBmJHUP
=005  20241011053910.0
=006  m\\\\\o\\d\\\\\\\\
=007  cr||||||||nn|n
=008  070503s2007\\\\utu\\\\\o\\\\\\00\0\eng\d
=010  \\$z  2007018534
=020  \\$a9780874216677
=020  \\$z9780874216516
=035  \\$a(OCoLC)608125438
=040  \\$aMdBmJHUP$cMdBmJHUP
=043  \\$an-usp--
=050  04$aE99.S4$bM65 2007
=082  0\$a979.2004/974574$222
=100  1\$aMorgan, Dale Lowell,$d1914-1971.
=245  10$aShoshonean Peoples and the Overland Trail : $bFrontiers of the Utah Superintendency of Indian Affairs, 1849-1869 / $cDale L. Morgan ; edited and introduced by Richard L. Saunders ; ethnohistorical essay by Gregory E. Smoak.
=264  \1$aLogan :$bUtah State University Press,$c2007.
=264  \3$aBaltimore, Md. :$bProject MUSE, $c2012
=264  \4$c&copy;2007.
=300  \\$a1 online resource (432 pages): $bill. ;
=336  \\$atext$btxt$2rdacontent
=337  \\$acomputer$bc$2rdamedia
=338  \\$aonline resource$bcr$2rdacarrier
=504  \\$aIncludes bibliographical references and index.
=506  0\$aOpen Access$fUnrestricted online access$2star
=588  \\$aDescription based on print version record.
=650  \0$aOverland journeys to the Pacific.
=650  \0$aMormon Church$xHistory.
=650  \0$aShoshoni Indians$xSocial conditions.
=650  \0$aShoshoni Indians$xHistory.
=650  \0$aShoshoni Indians$xGovernment relations.
=610  10$aUnited States.$bOffice of Indian Affairs.$bUtah Superintendency$xHistory.
=651  \0$aCalifornia National Historic Trail.
=651  \0$aOregon National Historic Trail.
=655  \7$aElectronic books. $2local
=700  1\$aSmoak, Gregory E.,$d1962-
=700  1\$aSaunders, Richard L.,$d1963-
=710  2\$aProject Muse.$edistributor
=830  \0$aBook collections on Project MUSE.
=856  40$zFull text available: $uhttps://muse.jhu.edu/book/12454/
=945  \\$aProject MUSE - Archive Complete Foundation
=945  \\$aProject MUSE - Archive US Regional Studies, West Foundation
=945  \\$aProject MUSE - Archive Native American and Indigenous Studies Foundation

