=LDR  01590cam a22004094a 4500
=001  musev2_12456
=003  MdBmJHUP
=005  20241011053911.0
=006  m\\\\\o\\d\\\\\\\\
=007  cr||||||||nn|n
=008  100902s2010\\\\onc\\\\\o\\\\\\00\0\eng\d
=020  \\$a9782760319103
=020  \\$z2760307352
=020  \\$z2760319105
=020  \\$z9782760307353
=035  \\$a(OCoLC)759157130
=040  \\$aMdBmJHUP$cMdBmJHUP
=245  00$aDroits et voix - Rights and Voices : $bLa criminologie à l'Université d'Ottawa - Criminology at the University of Ottawa / $csous la direction de Veronique Strimelle et Françoise Vanhamme.
=264  \1$aOttawa :$bUniversity of Ottawa Press,$c2010.
=264  \3$aBaltimore, Md. :$bProject MUSE, $c2012
=264  \4$c©2010.
=300  \\$a1 online resource (284 pages): $bill. ;
=336  \\$atext$btxt$2rdacontent
=337  \\$acomputer$bc$2rdamedia
=338  \\$aonline resource$bcr$2rdacarrier
=506  0\$aOpen Access$fUnrestricted online access$2star
=588  \\$aDescription based on print version record.
=610  20$aUniversity of Ottawa.$bDept. of Criminology.
=650  \0$aCriminology$xStudy and teaching (Higher)$zOntario$zOttawa.
=650  \0$aSocial justice$xResearch.
=650  \0$aCriminology$xResearch.
=655  \7$aElectronic books. $2local
=710  2\$aProject Muse.$edistributor
=830  \0$aBook collections on Project MUSE.
=856  40$zFull text available: $uhttps://muse.jhu.edu/book/12456/
=945  \\$aProject MUSE - 2010 Political Science and Policy Studies
=945  \\$aProject MUSE - 2010 Complete

