=LDR  01427cam a22003974a 4500
=001  musev2_12728
=003  MdBmJHUP
=005  20241011054222.0
=006  m\\\\\o\\d\\\\\\\\
=007  cr||||||||nn|n
=008  110816s2011\\\\onc\\\\\o\\\\\\00\0\fre\d
=020  \\$a9782760319486
=020  \\$z2760307042
=020  \\$z2760319482
=020  \\$z9782760307049
=035  \\$a(OCoLC)843760159
=040  \\$aMdBmJHUP$cMdBmJHUP
=245  02$aL' Ère électrique - The Electric Age / $cdirige par Olivier Asselin, Silvestra Mariniello, Andrea Oberhuber.
=264  \1$a[Ottawa] :$bPresses de l'Universite d'Ottawa,$c2011.
=264  \3$aBaltimore, Md. :$bProject MUSE, $c2012
=264  \4$c©2011.
=300  \\$a1 online resource (288 pages): $bill. ;
=336  \\$atext$btxt$2rdacontent
=337  \\$acomputer$bc$2rdamedia
=338  \\$aonline resource$bcr$2rdacarrier
=506  0\$aOpen Access$fUnrestricted online access$2star
=588  \\$aDescription based on print version record.
=650  \6$aÉlectricite dans la litterature.
=650  \6$aÉlectricite dans l'art.
=650  \6$aÉlectricite$xAspect social.
=655  \7$aElectronic books. $2local
=710  2\$aProject Muse.$edistributor
=830  \0$aBook collections on Project MUSE.
=856  40$zFull text available: $uhttps://muse.jhu.edu/book/12728/
=945  \\$aProject MUSE - 2011 Complete
=945  \\$aProject MUSE - 2011 Global Cultural Studies

