=LDR  02312cam a22004934a 4500
=001  musev2_12864
=003  MdBmJHUP
=005  20241011054354.0
=006  m\\\\\o\\d\\\\\\\\
=007  cr||||||||nn|n
=008  110601s2012\\\\mdu\\\\\o\\\\\\00\0\eng\d
=010  \\$z  2011021305
=020  \\$a9781421428253
=020  \\$z9781421403274
=020  \\$z9781421404509
=035  \\$a(OCoLC)793012724
=040  \\$aMdBmJHUP$cMdBmJHUP
=043  \\$ae-uk---$ae-ie---
=050  04$aPR878.P728$bD57 2012
=082  0\$a823/.809$223
=100  1\$aMaurer, Sara L.
=245  14$aThe Dispossessed State : $bNarratives of Ownership in Nineteenth-Century Britain and Ireland / $cSara L. Maurer.
=264  \1$aBaltimore :$bJohns Hopkins University Press,$c2012.
=264  \3$aBaltimore, Md. :$bProject MUSE, $c2012
=264  \4$c&copy;2012.
=300  \\$a1 online resource (256 pages).
=336  \\$atext$btxt$2rdacontent
=337  \\$acomputer$bc$2rdamedia
=338  \\$aonline resource$bcr$2rdacarrier
=504  \\$aIncludes bibliographical references and index.
=505  0\$aDisowning to own: Maria Edgeworth's Irish fiction and the illegitimacy of national ownership -- The forebearance of the state: John Stuart Mill and the promise of Irish property -- English property, Irish ownership and the British state -- The wife of state: Ireland and England's vicarious enjoyment in Anthony Trollope's Palliser novels -- At home in the public domain: George Moore's drama in muslin, George Meredith's Diana of the crossways and the intellectual property of union.
=506  0\$aOpen Access$fUnrestricted online access$2star
=588  \\$aDescription based on print version record.
=650  \0$aLand tenure$xGovernment policy$zIreland$xHistory$y19th century.
=650  \0$aLand tenure$xGovernment policy$zGreat Britain$xHistory$y19th century.
=650  \0$aProperty in literature.
=650  \0$aEnglish fiction$xIrish authors$xHistory and criticism.
=650  \0$aEnglish fiction$y19th century$xHistory and criticism.
=655  \7$aElectronic books. $2local
=710  2\$aProject Muse.$edistributor
=830  \0$aBook collections on Project MUSE.
=856  40$zFull text available: $uhttps://muse.jhu.edu/book/12864/
=945  \\$aProject MUSE - 2012 Complete
=945  \\$aProject MUSE - 2012 Literature

