=LDR  02279cam a22004454a 4500
=001  musev2_12865
=003  MdBmJHUP
=005  20241011054354.0
=006  m\\\\\o\\d\\\\\\\\
=007  cr||||||||nn|n
=008  110520s2012\\\\mdu\\\\\o\\\\\\00\0\eng\d
=010  \\$z  2011019914
=020  \\$a9781421428277
=020  \\$z9781421406633
=020  \\$z9781421403281
=035  \\$a(OCoLC)794700770
=040  \\$aMdBmJHUP$cMdBmJHUP
=050  04$aPR3671.S7$bZ74 2012
=082  0\$a821/.6$222
=100  1\$aKairoff, Claudia Thomas.
=245  10$aAnna Seward and the End of the Eighteenth Century / $cClaudia Thomas Kairoff.
=264  \1$aBaltimore :$bJohns Hopkins University Press,$c2012.
=264  \3$aBaltimore, Md. :$bProject MUSE, $c2012
=264  \4$c&copy;2012.
=300  \\$a1 online resource (328 pages).
=336  \\$atext$btxt$2rdacontent
=337  \\$acomputer$bc$2rdamedia
=338  \\$aonline resource$bcr$2rdacarrier
=504  \\$aIncludes bibliographical references and index.
=505  0\$aUnder suspicious circumstances : the (critical) disappearance of Anna Seward -- "Fancy's shrine" : Anna Seward and Lady Miller's Batheaston poetical assemblies -- Anna Seward and the profession of poetry -- Anna Seward, British patriot -- Wartime correspondent : Seward, the French wars, and late-century patriotism -- Seward and sensibility : Louisa, a poetical novel, in four epistles -- Louisa and the late eighteenth-century family romance -- Seward and the sonnet I : Milton's champion -- Seward and the sonnet II : corresponding poems -- Seward and the sonnet III : the "lost" Honora -- Seward's memoirs of-- Dr. Darwin : digging in the botanical garden -- Anna Seward, Samuel Johnson, and the end of the eighteenth century.
=506  0\$aOpen Access$fUnrestricted online access$2star
=588  \\$aDescription based on print version record.
=600  10$aSeward, Anna,$d1742-1809$xCriticism and interpretation.
=651  \0$aEngland$xIntellectual life$y18th century.
=655  \7$aElectronic books. $2local
=710  2\$aProject Muse.$edistributor
=830  \0$aBook collections on Project MUSE.
=856  40$zFull text available: $uhttps://muse.jhu.edu/book/12865/
=945  \\$aProject MUSE - 2011 Complete
=945  \\$aProject MUSE - 2011 Literature

