=LDR  01496cam a22004454a 4500
=001  musev2_13007
=003  MdBmJHUP
=005  20241011054533.0
=006  m\\\\\o\\d\\\\\\\\
=007  cr||||||||nn|n
=008  110707s2011\\\\miu\\\\\o\\\\\\00\0\eng\d
=010  \\$z  2011028327
=020  \\$a9780472900336
=020  \\$z9780472071623
=020  \\$z9780472051625
=020  \\$z9780472027835
=035  \\$a(OCoLC)772640513
=040  \\$aMdBmJHUP$cMdBmJHUP
=050  04$aGV1469.35.S54$bP47 2011
=082  0\$a794.8$223
=100  1\$aPerron, Bernard.
=245  10$aSilent Hill : $bThe Terror Engine / $cBernard Perron.
=264  \1$aAnn Arbor :$bUniversity of Michigan Press,$c2011.
=264  \3$aBaltimore, Md. :$bProject MUSE, $c2012
=264  \4$c&copy;2011.
=300  \\$a1 online resource (192 pages).
=336  \\$atext$btxt$2rdacontent
=337  \\$acomputer$bc$2rdamedia
=338  \\$aonline resource$bcr$2rdacarrier
=490  0\$aLandmark video games
=504  \\$aIncludes bibliographical references and index.
=506  0\$aOpen Access$fUnrestricted online access$2star
=588  \\$aDescription based on print version record.
=650  \0$aSilent Hill (Game)
=655  \7$aElectronic books. $2local
=710  2\$aProject Muse.$edistributor
=830  \0$aBook collections on Project MUSE.
=856  40$zFull text available: $uhttps://muse.jhu.edu/book/13007/
=945  \\$aProject MUSE - 2011 Complete
=945  \\$aProject MUSE - 2011 Film, Theater and Performing Arts

