=LDR  01556cam a22004214a 4500
=001  musev2_13034
=003  MdBmJHUP
=005  20241011054551.0
=006  m\\\\\o\\d\\\\\\\\
=007  cr||||||||nn|n
=008  080206s2008\\\\dcu\\\\\o\\\\\\00\0\eng\d
=010  \\$z  2008005432
=020  \\$a9781589017313
=020  \\$z9781589012219
=035  \\$a(OCoLC)397130722
=040  \\$aMdBmJHUP$cMdBmJHUP
=050  04$aBP172$b.B83 2008
=082  0\$a261.2/7$222
=245  00$aBuilding a Better Bridge : $bMuslims, Christians, and the Common Good / $cMichael Ipgrave, editor.
=264  \1$aWashington, DC :$bGeorgetown University Press,$c2008.
=264  \3$aBaltimore, Md. :$bProject MUSE, $c2012
=264  \4$c&copy;2008.
=300  \\$a1 online resource (200 pages).
=336  \\$atext$btxt$2rdacontent
=337  \\$acomputer$bc$2rdamedia
=338  \\$aonline resource$bcr$2rdacarrier
=504  \\$aIncludes bibliographical references and index.
=506  0\$aOpen Access$fUnrestricted online access$2star
=588  \\$aDescription based on print version record.
=650  \0$aChristianity and other religions$xIslam$vCongresses.
=650  \0$aIslam$xRelations$xChristianity$vCongresses.
=655  \7$aElectronic books. $2local
=700  1\$aIpgrave, Michael.
=710  2\$aProject Muse.$edistributor
=830  \0$aBook collections on Project MUSE.
=856  40$zFull text available: $uhttps://muse.jhu.edu/book/13034/
=945  \\$aProject MUSE - Archive Complete Foundation
=945  \\$aProject MUSE - Archive Philosophy and Religion Foundation

