=LDR  01859cam a22004694a 4500
=001  musev2_13060
=003  MdBmJHUP
=005  20241011054610.0
=006  m\\\\\o\\d\\\\\\\\
=007  cr||||||||nn|n
=008  080703s2009\\\\dcu\\\\\o\\\\\\00\0\eng\d
=010  \\$z  2008029496
=020  \\$a9781589015968
=020  \\$z9781589012547
=035  \\$a(OCoLC)430927526
=040  \\$aMdBmJHUP$cMdBmJHUP
=050  04$aP201$b.L557 2009
=082  0\$a415$222
=245  10$aLittle Words : $bTheir History, Phonology, Syntax, Semantics, Pragmatics, and Acquisition / $cRonald P. Leow, Hector Campos, and Donna Lardiere, editors.
=264  \1$aWashington, D.C. :$bGeorgetown University Press,$c2009.
=264  \3$aBaltimore, Md. :$bProject MUSE, $c2012
=264  \4$c&copy;2009.
=300  \\$a1 online resource (258 pages): $bill. ;
=336  \\$atext$btxt$2rdacontent
=337  \\$acomputer$bc$2rdamedia
=338  \\$aonline resource$bcr$2rdacarrier
=490  0\$aGeorgetown University Round Table on languages and linguistics series
=504  \\$aIncludes bibliographical references and index.
=506  0\$aOpen Access$fUnrestricted online access$2star
=588  \\$aDescription based on print version record.
=650  \0$aLexicology$vCongresses.
=650  \0$aGrammar, Comparative and general$vCongresses.
=655  \7$aElectronic books. $2local
=700  1\$aLardiere, Donna.
=700  1\$aCampos, Hector.
=700  1\$aLeow, Ronald P.$q(Ronald Philip),$d1954-
=710  2\$aProject Muse.$edistributor
=830  \0$aGeorgetown University round table on languages and linguistics series (2004)
=830  \0$aBook collections on Project MUSE.
=856  40$zFull text available: $uhttps://muse.jhu.edu/book/13060/
=945  \\$aProject MUSE - Archive Complete Foundation
=945  \\$aProject MUSE - Archive Language and Linguistics Foundation

