=LDR  03733cam a22005174a 4500
=001  musev2_13062
=003  MdBmJHUP
=005  20241011054611.0
=006  m\\\\\o\\d\\\\\\\\
=007  cr||||||||nn|n
=008  090617s2010\\\\dcu\\\\\o\\\\\\00\0\eng\d
=010  \\$z  2009024105
=020  \\$a9781589016743
=020  \\$z9781589016293
=035  \\$a(OCoLC)648711554
=040  \\$aMdBmJHUP$cMdBmJHUP
=050  04$aP302.7$b.G48 2008
=082  0\$a401/.41$222
=245  10$aTelling Stories : $bLanguage, Narrative, and Social Life / $cDeborah Schiffrin, Anna De Fina, and Anastasia Nylund, editors.
=264  \1$aWashington, DC :$bGeorgetown University Press,$c2010.
=264  \3$aBaltimore, Md. :$bProject MUSE, $c2012
=264  \4$c©2010.
=300  \\$a1 online resource (272 pages): $bill. ;
=336  \\$atext$btxt$2rdacontent
=337  \\$acomputer$bc$2rdamedia
=338  \\$aonline resource$bcr$2rdacarrier
=490  0\$aGeorgetown University Round Table on languages and linguistics series
=500  \\$aPapers based on those presented at the 2008 Georgetown University Round Table On Languages and Linguistics (GURT).
=504  \\$aIncludes bibliographical references.
=505  0\$aIntroduction / Deborah Schiffrin and Anna De Fina -- Where Should I begin? / William Labov -- The remediation of storytelling : Narrative performance on early commercial sound recordings / Richard Bauman -- Narrative, culture, and mind / Jerome Bruner -- Positioning as a metagrammar for discursive story lines / Rom Harre -- "Ay ay vienen estos juareños?" : on the positioning of selves through code switching by second-generation immigrant college students / Alan D. Hansen ...[et al.] -- A tripartite self-construction model of identity / Leor Cohen -- Narratives of reputation : layerings of social and spatial identities / Gabriella Modan and Amy Shuman -- Identity building through narratives on a Tulu call-in TV show / Malavika Shetty -- Blank check for biography? : openness and ingenuity in the management of the "who-am-I-question" and what life stories actually may not be good for / Michael Bamberg -- Reflection and self-disclosure from the small stories perspective : a study of identity claims in interview and conversational data / Alexandra Georgakopoulou -- Negotiating deviance : identity, trajectories, and norms in a graffitist's interview narrative / Jarmila Mildorf -- Interaction and narrative structure in dementia / Lars Christer Hyden and Linda Örulv -- Concurrent and intervening actions during storytelling in family "ceremonial" dinners / Jenny Mandelbaum -- Truth and authorship in textual trajectories / Isolda E. Carranza -- Legitimation and the heteroglossic nature of closing arguments / Laura Felton Rosulek -- Multimodal storytelling and identity construction in graphic narratives / David Herman -- The role of style-shifting in the functions and purposes of storytelling : detective stories in anime / Fumiko Nazikian.
=506  0\$aOpen Access$fUnrestricted online access$2star
=588  \\$aDescription based on print version record.
=650  \0$aPsycholinguistics$vCongresses.
=650  \0$aSociolinguistics$vCongresses.
=650  \0$aStorytelling$vCongresses.
=650  \0$aNarration (Rhetoric)$vCongresses.
=650  \0$aDiscourse analysis, Narrative$vCongresses.
=655  \7$aElectronic books. $2local
=700  1\$aNylund, Anastasia.
=700  1\$aDe Fina, Anna.
=700  1\$aSchiffrin, Deborah.
=710  2\$aProject Muse.$edistributor
=830  \0$aBook collections on Project MUSE.
=856  40$zFull text available: $uhttps://muse.jhu.edu/book/13062/
=945  \\$aProject MUSE - 2010 Global Cultural Studies
=945  \\$aProject MUSE - 2010 Complete

