=LDR  02187cam a22004694a 4500
=001  musev2_13063
=003  MdBmJHUP
=005  20241011054613.0
=006  m\\\\\o\\d\\\\\\\\
=007  cr||||||||nn|n
=008  050112s2005\\\\dcu\\\\\o\\\\\\00\0\eng\d
=010  \\$z  2004023166
=020  \\$a9781589013568
=020  \\$z9781589010444
=035  \\$a(OCoLC)290561478
=040  \\$aMdBmJHUP$cMdBmJHUP
=050  04$aP118$b.L3638 2005
=082  0\$a401/.93$222
=245  10$aLanguage in Use : $bCognitive and Discourse Perspectives on Language and Language Learning / $cAndrea Tyler ... [et al.], editors.
=264  \1$aWashington, D.C. :$bGeorgetown University Press,$c2005.
=264  \3$aBaltimore, Md. :$bProject MUSE, $c2012
=264  \4$c&copy;2005.
=300  \\$a1 online resource (240 pages): $bill. ;
=336  \\$atext$btxt$2rdacontent
=337  \\$acomputer$bc$2rdamedia
=338  \\$aonline resource$bcr$2rdacarrier
=490  0\$aGeorgetown University round table on languages and linguistics series
=504  \\$aIncludes bibliographical references.
=506  0\$aOpen Access$fUnrestricted online access$2star
=520  \\$a"This book explores how language is shaped by the nature of human cognition and social-cultural activity, by studying how language is used in context in interactions between at least two people in order to achieve some purpose. It brings together perspectives from cognitive linguistics, discourse analysis, and first and second language acquisition research"--Provided by the publisher.
=588  \\$aDescription based on print version record.
=650  \0$aDiscourse analysis$vCongresses.
=650  \0$aCognitive grammar$vCongresses.
=650  \0$aLanguage acquisition$vCongresses.
=655  \7$aElectronic books. $2local
=700  1\$aTyler, Andrea.
=710  2\$aProject Muse.$edistributor
=830  \0$aGeorgetown University round table on languages and linguistics series (2004)
=830  \0$aBook collections on Project MUSE.
=856  40$zFull text available: $uhttps://muse.jhu.edu/book/13063/
=945  \\$aProject MUSE - Archive Complete Foundation
=945  \\$aProject MUSE - Archive Language and Linguistics Foundation

