=LDR  02099cam a22004934a 4500
=001  musev2_13065
=003  MdBmJHUP
=005  20241011054615.0
=006  m\\\\\o\\d\\\\\\\\
=007  cr||||||||nn|n
=008  050916s2006\\\\dcu\\\\\o\\\\\\00\0\eng\d
=010  \\$z  2005027252
=020  \\$a9781589013056
=020  \\$z9781589010802
=035  \\$a(OCoLC)290561346
=040  \\$aMdBmJHUP$cMdBmJHUP
=050  04$aP297$b.G46 2004
=082  0\$a415$222
=245  10$aCrosslinguistic Research in Syntax and Semantics : $bNegation, Tense, and Clausal Architecture / $cRaffaella Zanuttini ... [et al.], editors.
=264  \1$aWashington, D.C. :$bGeorgetown University Press,$c2006.
=264  \3$aBaltimore, Md. :$bProject MUSE, $c2012
=264  \4$c&copy;2006.
=300  \\$a1 online resource (254 pages): $bill. ;
=336  \\$atext$btxt$2rdacontent
=337  \\$acomputer$bc$2rdamedia
=338  \\$aonline resource$bcr$2rdacarrier
=490  0\$aGeorgetown University round table on languages and linguistics series
=500  \\$aPapers from the Georgetown University Round Table on Languages and Linguistics (GURT), held March 26-29, 2004.
=504  \\$aIncludes bibliographical references.
=506  0\$aOpen Access$fUnrestricted online access$2star
=588  \\$aDescription based on print version record.
=650  \0$aSemantics$vCongresses.
=650  \0$aGrammar, Comparative and general$xSyntax$vCongresses.
=650  \0$aGrammar, Comparative and general$xTense$vCongresses.
=650  \0$aGrammar, Comparative and general$xNegatives$vCongresses.
=650  \0$aGrammar, Comparative and general$xClauses$vCongresses.
=655  \7$aElectronic books. $2local
=700  1\$aZanuttini, Raffaella.
=710  2\$aProject Muse.$edistributor
=830  \0$aGeorgetown University round table on languages and linguistics series (2004)
=830  \0$aBook collections on Project MUSE.
=856  40$zFull text available: $uhttps://muse.jhu.edu/book/13065/
=945  \\$aProject MUSE - Archive Complete Foundation
=945  \\$aProject MUSE - Archive Language and Linguistics Foundation

