=LDR  02667cam a22004574a 4500
=001  musev2_13067
=003  MdBmJHUP
=005  20241011054616.0
=006  m\\\\\o\\d\\\\\\\\
=007  cr||||||||nn|n
=008  070510s2008\\\\dcu\\\\\o\\\\\\00\0\eng\d
=010  \\$z  2007019460
=020  \\$a9781589014169
=020  \\$z9781589011922
=035  \\$a(OCoLC)471131020
=040  \\$aMdBmJHUP$cMdBmJHUP
=050  04$aP40.5.L28$bS87 2008
=082  0\$a306.44$222
=245  10$aSustaining Linguistic Diversity : $bEndangered and Minority Languages and Language Varieties / $cKendall A. King ... [et al.], editors.
=264  \1$aWashington, D.C. :$bGeorgetown University Press,$c2008.
=264  \3$aBaltimore, Md. :$bProject MUSE, $c2012
=264  \4$c&copy;2008.
=300  \\$a1 online resource (246 pages): $bill. ;
=336  \\$atext$btxt$2rdacontent
=337  \\$acomputer$bc$2rdamedia
=338  \\$aonline resource$bcr$2rdacarrier
=504  \\$aIncludes bibliographical references.
=505  0\$aLinguistic diversity, sustainability, and the future of the past / Suzanne Romaine -- When is an "extinct language" not extinct? / Wesley Y. Leonard -- Evaluating endangerment / M. Paul Lewis -- Endangered language varieties / Gregory R. Guy and Ana M.S. Zilles -- The linguistic negotiation of complex racialized identities by Black Appalachian speakers / Christine Mallinson -- Working at "9 to 5" Gaelic / Emily McEwan-Fujita -- Voice and biliteracy in indigenous language revitalization / Nancy H. Hornberger -- Endangering language vitality through institutional development / Tadhg O'hfearnain -- Scandinavian minority language policies in transition / Leena Huss -- Language development in Eritrea / Paul D. Fallon -- Indigenous language policies in social practice / Teresa L. McCarty, Mary Eunice Romero-Little, and Ofelia Zepeda -- Heritage language education in the United States / Joy Kreeft Peyton ... [et al.] -- Language diversity and the public interest / Walt Wolfram.
=506  0\$aOpen Access$fUnrestricted online access$2star
=588  \\$aDescription based on print version record.
=650  \0$aLanguage policy$vCongresses.
=650  \0$aLanguage revival$vCongresses.
=650  \0$aLinguistic minorities$vCongresses.
=650  \0$aLanguage attrition$vCongresses.
=655  \7$aElectronic books. $2local
=700  1\$aKing, Kendall A.,$d1969-
=710  2\$aProject Muse.$edistributor
=830  \0$aBook collections on Project MUSE.
=856  40$zFull text available: $uhttps://muse.jhu.edu/book/13067/
=945  \\$aProject MUSE - Archive Complete Foundation
=945  \\$aProject MUSE - Archive Language and Linguistics Foundation

