=LDR  01405cam a22003854a 4500
=001  musev2_13330
=003  MdBmJHUP
=005  20241011054918.0
=006  m\\\\\o\\d\\\\\\\\
=007  cr||||||||nn|n
=008  091130s2009\\\\fr\\\\\\o\\\\\\00\0\fre\d
=020  \\$a9782760317901
=020  \\$z2760306879
=020  \\$z2760317900
=020  \\$z9782760306875
=035  \\$a(OCoLC)859685345
=040  \\$aMdBmJHUP$cMdBmJHUP
=100  1\$aBasalamah, Salah.
=245  13$aLe Droit de traduire : $bUne politique culturelle pour la mondialisation / $cSalah Basalamah ; preface de Nicholas Kasirer.
=264  \1$aOttawa :$bPresses de l'universite d'Ottawa,$c2009.
=264  \3$aBaltimore, Md. :$bProject MUSE, $c2012
=264  \4$c&copy;2009.
=300  \\$a1 online resource (516 pages).
=336  \\$atext$btxt$2rdacontent
=337  \\$acomputer$bc$2rdamedia
=338  \\$aonline resource$bcr$2rdacarrier
=506  0\$aOpen Access$fUnrestricted online access$2star
=588  \\$aDescription based on print version record.
=653  \\$aHistory of law - Translation - 18th-21st centuries.
=655  \7$aElectronic books. $2local
=710  2\$aProject Muse.$edistributor
=830  \0$aBook collections on Project MUSE.
=856  40$zFull text available: $uhttps://muse.jhu.edu/book/13330/
=945  \\$aProject MUSE - Archive Complete Foundation
=945  \\$aProject MUSE - Archive Literature Foundation

