=LDR  01949cam a22004694a 4500
=001  musev2_13331
=003  MdBmJHUP
=005  20241011054919.0
=006  m\\\\\o\\d\\\\\\\\
=007  cr||||||||nn|n
=008  010208s2001\\\\onc\\\\\o\\\\\\00\0\fre\d
=020  \\$a9782760315297
=020  \\$z2760315290
=020  \\$z9782760305182
=020  \\$z276030518X
=035  \\$a(OCoLC)180704063
=040  \\$aMdBmJHUP$cMdBmJHUP
=100  1\$aDennie, Donald.
=245  10$aÀ l'ombre de l'INCO : $bÉtude de la transition d'une communauté canadienne-française de la région de Sudbury (1890-1972) / $cDonald Dennie.
=264  \1$aOttawa :$bPresses de l'Universite d'Ottawa,$c2001.
=264  \3$aBaltimore, Md. :$bProject MUSE, $c2012
=264  \4$c©2001.
=300  \\$a1 online resource (304 pages): $bill., cartes ;
=336  \\$atext$btxt$2rdacontent
=337  \\$acomputer$bc$2rdamedia
=338  \\$aonline resource$bcr$2rdacarrier
=506  0\$aOpen Access$fUnrestricted online access$2star
=588  \\$aDescription based on print version record.
=650  \5$aCanadians, French-speaking$zOntario$zSudbury Region$xEconomic conditions.
=650  \0$aSocial change$zOntario$zSudbury Region.
=650  \5$aCanadians, French-speaking$zOntario$zSudbury Region$xSocials conditions.
=650  \6$aCanadiens français$zOntario$zSudbury, Region de$xConditions economiques.
=650  \6$aChangement social$zOntario$zSudbury, Region de.
=650  \6$aCanadiens français$zOntario$zSudbury, Region de$xConditions sociales.
=651  \0$aSudbury Region (Ont.)$xHistory.
=651  \6$aSudbury, Region de (Ont.)$xHistoire.
=655  \7$aElectronic books. $2local
=710  2\$aProject Muse.$edistributor
=830  \0$aBook collections on Project MUSE.
=856  40$zFull text available: $uhttps://muse.jhu.edu/book/13331/
=945  \\$aProject MUSE - Archive Complete Foundation
=945  \\$aProject MUSE - Archive History Foundation

