=LDR  01874cam a22004814a 4500
=001  musev2_13333
=003  MdBmJHUP
=005  20241011054920.0
=006  m\\\\\o\\d\\\\\\\\
=007  cr||||||||nn|n
=008  050113s2005\\\\onc\\\\\o\\\\\\00\0\fre\d
=020  \\$a9782760315754
=020  \\$z2760305805
=020  \\$z2760315754
=020  \\$z9782760305809
=035  \\$a(OCoLC)180704072
=040  \\$aMdBmJHUP$cMdBmJHUP
=100  1\$aTcheuyap, Alexie.
=245  10$aDe l'écrit à l'écran : $bLes réécritures filmiques du roman africain francophone / $cAlexie Tcheuyap.
=264  \1$aOttawa :$bPresses de l'Universite d'Ottawa,$c2005.
=264  \3$aBaltimore, Md. :$bProject MUSE, $c2012
=264  \4$c©2005.
=300  \\$a1 online resource (248 pages): $bill. ;
=336  \\$atext$btxt$2rdacontent
=337  \\$acomputer$bc$2rdamedia
=338  \\$aonline resource$bcr$2rdacarrier
=506  0\$aOpen Access$fUnrestricted online access$2star
=588  \\$aDescription based on print version record.
=650  \0$aMotion pictures$zAfrica, French-speaking.
=650  \0$aMotion pictures and literature$zAfrica, French speaking.
=650  \0$aAfrican literature (French)$xFilm and video adaptations.
=650  \0$aFilm adaptations.
=650  \6$aRecit filmique.
=650  \6$aCinema$zAfrique francophone.
=650  \6$aCinema et litterature$zAfrique francophone.
=650  \6$aLitterature africaine (française)$xAdaptations cinematographiques et televisees.
=650  \6$aAdaptations cinematographiques.
=655  \7$aElectronic books. $2local
=710  2\$aProject Muse.$edistributor
=830  \0$aBook collections on Project MUSE.
=856  40$zFull text available: $uhttps://muse.jhu.edu/book/13333/
=945  \\$aProject MUSE - Archive Complete Foundation
=945  \\$aProject MUSE - Archive Film, Theater and Performing Arts Foundation

