=LDR  03796cam a22007214a 4500
=001  musev2_13346
=003  MdBmJHUP
=005  20241011054930.0
=006  m\\\\\o\\d\\\\\\\\
=007  cr||||||||nn|n
=008  171005s1998\\\\onc\\\\\o\\\\\\00\0\fre\d
=020  \\$a9782760316614
=020  \\$z2760304795
=020  \\$z2760316610
=020  \\$z9782760304796
=035  \\$a(OCoLC)144083244
=040  \\$aMdBmJHUP$cMdBmJHUP
=100  1\$aViger, Jacques.$4aut
=245  10$aNéologie canadienne de Jacques Viger : $bManuscrits de 1810
=264  \1$a[Place of publication not identified] :$bUniversity of Ottawa Press/Les Presses de l'Universite d'Ottawa,$c1998.
=264  \3$aBaltimore, Md. :$bProject MUSE, $c2012
=264  \4$c©1998.
=300  \\$a1 online resource (318 pages).
=336  \\$atext$btxt$2rdacontent
=337  \\$acomputer$bc$2rdamedia
=338  \\$aonline resource$bcr$2rdacarrier
=490  0\$aCollection Amerique française
=505  0\$aPreface d'Andre Lapierre; TABLE DES MATIÈRES; Introduction; Édition des manuscrits; Étude linguistique; Appendices; Regroupement onomasiologique; Les comparaisons; Bibliographie; Index lexical
=506  0\$aOpen Access$fUnrestricted online access$2star
=520  \\$aLe manuscrit de Jacques Viger vient combler un vide dans la lexicographie canadienne-française du debut du XIXe siecle. Journaliste, militaire, fonctionnaire, " historiomane " et archiviste infatigable, Viger fut le premier maire de Montreal ainsi que le premier president de la Societe Saint-Jean Baptiste. Neologie canadienne est le seul lexique que nous ayons de cette periode. Écrit apres celui du Pere Potier, mais bien avant que ne s'etablisse une tradition lexicographique au Quebec, ce manuscrit est un temoignage authentique et unique de la langue du debut du XIXe siecle. Suzelle Blais rend enfin accessible aux linguistes -- et au chercheurs de diverses disciplines -- un document de toute premiere importance pour l'histoire du français au Quebec.
=520  \\$aJacques Viger - lexicography - nineteenth century - Montreal - Canada.
=588  \\$aDescription based on print version record.
=650  \7$aFrench language$xNew words.$2fast$0(OCoLC)fst00934505
=650  \7$aFrench language$xLexicography.$2fast$0(OCoLC)fst00934490
=650  \7$aFrench language.$2fast$0(OCoLC)fst00934333
=650  \7$aThe Americas.$2bicssc
=650  \7$aRegional and national history.$2bicssc
=650  \7$aNorth America.$2bicssc
=650  \7$aHumanities.$2bicssc
=650  \7$aHistory.$2bicssc
=650  \7$aHistory of the Americas.$2bicssc
=650  \7$aCanada.$2bicssc
=650  \6$aFrançais (Langue)$y19e siecle.
=650  \6$aFrançais (Langue)$zCanada$xLexicographie.
=650  \6$aFrançais (Langue)$xNeologismes$xDictionnaires.
=650  \6$aFrançais (Langue)$zCanada$vMots et locutions.
=650  \6$aFrançais (Langue)$zCanada$xIdiotismes$xDictionnaires.
=650  \5$aCanadianisms (French)$zQuebec (Province)$vDictionaries.
=650  \0$aFrench language$zCanada$xLexicography.
=650  \0$aFrench language$xNew words$vDictionaries.
=650  \0$aFrench language$zCanada$xTerms and phrases.
=650  \0$aFrench language$y19th century.
=651  \7$aCanada.$2fast$0(OCoLC)fst01204310
=655  \7$aTerms and phrases.$2fast$0(OCoLC)fst01423862
=655  \7$aDictionaries.$2fast$0(OCoLC)fst01423826
=655  \7$aElectronic books. $2local
=700  1\$aLapierre, Andre.$4aut
=700  1\$aBlais, Suzelle.$4aut
=710  2\$aProject Muse.$edistributor
=830  \0$aBook collections on Project MUSE.
=856  40$zFull text available: $uhttps://muse.jhu.edu/book/13346/
=945  \\$aProject MUSE - Archive Complete Foundation
=945  \\$aProject MUSE - Archive History Foundation

