=LDR  02781cam a22005894a 4500
=001  musev2_22206
=003  MdBmJHUP
=005  20241011073751.0
=006  m\\\\\o\\d\\\\\\\\
=007  cr||||||||nn|n
=008  130221s2012\\\\nhu\\\\\o\\\\\\00\0\eng\d
=020  \\$a9781611683165
=020  \\$z9781584659648
=020  \\$z1611683165
=035  \\$a(OCoLC)835981935
=040  \\$aMdBmJHUP$cMdBmJHUP
=100  1\$aBidwell, John,$d1949-
=245  10$aAmerican Paper Mills, 1690-1832 : $bA Directory of the Paper Trade with Notes on Products, Watermarks, Distribution Methods, and Manufacturing Techniques / $cJohn Bidwell ; in association with the American Antiquarian Society, Worcester, Massachusetts.
=264  \1$aHanover, N.H. :$bDartmouth College Press,$c2012.
=264  \3$aBaltimore, Md. :$bProject MUSE, $c2013
=264  \4$c©2012.
=300  \\$a1 online resource (408 pages).
=336  \\$atext$btxt$2rdacontent
=337  \\$acomputer$bc$2rdamedia
=338  \\$aonline resource$bcr$2rdacarrier
=505  0\$a1.Pennsylvania -- 2.Massachusetts -- 3.New Jersey -- 4.Maine -- 5.Virginia -- 6.Rhode Island -- 7.Connecticut -- 8.New York -- 9.Maryland -- 10.North Carolina -- 11.New Hampshire -- 12.Vermont -- 13.Delaware -- 14.Kentucky -- 15.District of Columbia -- 16.South Carolina -- 17.Ohio -- 18.Tennessee -- 19.West Virginia -- 20.Georgia -- 21.Indiana.
=506  0\$aOpen Access$fUnrestricted online access$2star
=546  \\$aEnglish.
=588  \\$aDescription based on print version record.
=650  \7$aPapermaking.$2fast$0(OCoLC)fst01052642
=650  \7$aPaper mills.$2fast$0(OCoLC)fst01052504
=650  \7$aTECHNOLOGY & ENGINEERING$xTechnical & Manufacturing Industries & Trades.$2bisacsh
=650  \6$aPapeteries (Usines)$zÉtats-Unis$xHistoire.
=650  \6$aPapeteries (Usines)$zÉtats-Unis$vRepertoires.
=650  \6$aPapeterie$zÉtats-Unis$vAnecdotes.
=650  \6$aPapeterie$zÉtats-Unis$xHistoire.
=650  \6$aPapeterie$zÉtats-Unis$vRepertoires.
=650  \0$aPaper mills$zUnited States$xHistory.
=650  \0$aPaper mills$zUnited States$vDirectories.
=650  \0$aPapermaking$zUnited States$vAnecdotes.
=650  \0$aPapermaking$zUnited States$xHistory.
=650  \0$aPapermaking$zUnited States$vDirectories.
=651  \7$aUnited States.$2fast$0(OCoLC)fst01204155
=655  \7$aHistory.$2fast$0(OCoLC)fst01411628
=655  \7$aDirectories.$2fast$0(OCoLC)fst01423796
=655  \7$aAnecdotes.$2fast$0(OCoLC)fst01423876
=655  \7$aElectronic books. $2local
=710  2\$aProject Muse.$edistributor
=830  \0$aBook collections on Project MUSE.
=856  40$zFull text available: $uhttps://muse.jhu.edu/book/22206/
=945  \\$aProject MUSE - 2013 History
=945  \\$aProject MUSE - 2013 Complete

