=LDR  01600cam a22004454a 4500
=001  musev2_13507
=003  MdBmJHUP
=005  20241011055122.0
=006  m\\\\\o\\d\\\\\\\\
=007  cr||||||||nn|n
=008  110707s2012\\\\mdu\\\\\o\\\\\\00\0\eng\d
=010  \\$z  2011024412
=020  \\$a9781421428284
=020  \\$z9781421406626
=020  \\$z9781421403656
=035  \\$a(OCoLC)794700800
=040  \\$aMdBmJHUP$cMdBmJHUP
=050  04$aPN1997.85$b.C65 2012
=082  0\$a791.43/6$223
=100  1\$aDella Coletta, Cristina,$d1962-
=245  10$aWhen Stories Travel : $bCross-Cultural Encounters between Fiction and Film / $cCristina Della Coletta.
=264  \1$aBaltimore, Md. :$bJohns Hopkins University Press,$c2012.
=264  \3$aBaltimore, Md. :$bProject MUSE, $c2012
=264  \4$c&copy;2012.
=300  \\$a1 online resource (288 pages).
=336  \\$atext$btxt$2rdacontent
=337  \\$acomputer$bc$2rdamedia
=338  \\$aonline resource$bcr$2rdacarrier
=504  \\$aIncludes bibliographical references and index.
=506  0\$aOpen Access$fUnrestricted online access$2star
=588  \\$aDescription based on print version record.
=650  \0$aHermeneutics.
=650  \0$aMotion pictures and literature.
=650  \0$aFilm adaptations$xHistory and criticism.
=655  \7$aElectronic books. $2local
=710  2\$aProject Muse.$edistributor
=830  \0$aBook collections on Project MUSE.
=856  40$zFull text available: $uhttps://muse.jhu.edu/book/13507/
=945  \\$aProject MUSE - 2012 Complete
=945  \\$aProject MUSE - 2012 Film, Theater and Performing Arts

