=LDR  03504cam a22005294a 4500
=001  musev2_13555
=003  MdBmJHUP
=005  20241011055154.0
=006  m\\\\\o\\d\\\\\\\\
=007  cr||||||||nn|n
=008  111115s2012\\\\cou\\\\\o\\\\\\00\0\eng\d
=010  \\$z  2011045973
=020  \\$a9781607321682
=020  \\$z9781607321675
=035  \\$a(OCoLC)775603907
=040  \\$aMdBmJHUP$cMdBmJHUP
=050  04$aCC81$b.S87 2012
=082  0\$a930.1$223
=245  00$aSurviving Sudden Environmental Change : $bAnswers From Archaeology / $ceditors, Jago Cooper and Payson Sheets ; authors, David A. Abbott ... [et al.].
=264  \1$aBoulder, Colo. :$bUniversity Press of Colorado,$c2012.
=264  \3$aBaltimore, Md. :$bProject MUSE, $c2012
=264  \4$c&copy;2012.
=300  \\$a1 online resource (288 pages).
=336  \\$atext$btxt$2rdacontent
=337  \\$acomputer$bc$2rdamedia
=338  \\$aonline resource$bcr$2rdacarrier
=504  \\$aIncludes bibliographical references and index.
=505  0\$aIntroduction: Learning to Live with the Dangers of Sudden Environmental Change / Payson Sheets and Jago Cooper -- Hazards, Impacts, and Resilience among Hunter-Gatherers of the Kuril Islands / Ben Fitzhugh -- Responses to Explosive Volcanic Eruptions by Small to Complex Societies in Ancient Mexico and Central America / Payson Sheets -- Black Sun, High Flame, and Flood : Volcanic Hazards in Iceland / Andrew Dugmore and Orri Vesteinsson -- Fail to Prepare then Prepare to Fail : Re-thinking Threat Vulnerability and Mitigation in the Precolumbian Caribbean / Jago Cooper -- Collation, Correlation, and Causation in the Prehistory of Coastal Peru / Daniel H. Sandweiss and Jeffrey Quilter -- Silent Hazards, Invisible Risks : Prehispanic Erosion in the Teotihuacan Valley, Central Mexico / Emily McClung de Tapia -- Domination and Resilience in Bronze Age Mesopotamia / Tate Paulette -- Long-Term Vulnerability and Resilience : Three Examples from Archaeological Study in the Southwestern United States and Northern Mexico / Margaret C. Nelson, Michelle Hegmon, Keith W. Kintigh, Ann P. Kinzig, Ben A. Nelson, John M. Anderies, David A. Abbott, Katherine A. Spielmann, Scott E. Ingram, Matthew A. Peeples, Stephanie Kulow, Colleen A. Strawhacker, Cathryn Meegan -- Archaeological Overview: Social Evolution, Hazards, and Resilience : Some Concluding Thoughts / Timothy A. Kohler -- Ecodynamics and Resilience Overview: Global Environmental Change, Resilience, and Sustainable Outcomes / Charles L. Redman.
=506  0\$aOpen Access$fUnrestricted online access$2star
=588  \\$aDescription based on print version record.
=650  \0$aSocial change$xHistory$yTo 1500.
=650  \0$aSocial evolution$xHistory$yTo 1500.
=650  \0$aHuman beings$xEffect of climate on$xHistory$yTo 1500.
=650  \0$aHuman ecology$xHistory$yTo 1500.
=650  \0$aClimatic changes$xSocial aspects$xHistory$yTo 1500.
=650  \0$aNatural disasters$xSocial aspects$xHistory$yTo 1500.
=650  \0$aSocial archaeology$vCase studies.
=650  \0$aEnvironmental archaeology$vCase studies.
=655  \7$aElectronic books. $2local
=700  1\$aAbbott, David A.
=700  1\$aSheets, Payson D.
=700  1\$aCooper, Jago.
=710  2\$aProject Muse.$edistributor
=830  \0$aBook collections on Project MUSE.
=856  40$zFull text available: $uhttps://muse.jhu.edu/book/13555/
=945  \\$aProject MUSE - 2012 Complete
=945  \\$aProject MUSE - 2012 Archaeology and Anthropology

