=LDR  02142cam a22004814a 4500
=001  musev2_13693
=003  MdBmJHUP
=005  20241011055330.0
=006  m\\\\\o\\d\\\\\\\\
=007  cr||||||||nn|n
=008  110803s2011\\\\mdu\\\\\o\\\\\\00\0\eng\d
=010  \\$z  2011029762
=020  \\$a9781421428369
=020  \\$z9781421405278
=020  \\$z9781421404899
=035  \\$a(OCoLC)794700798
=040  \\$aMdBmJHUP$cMdBmJHUP
=043  \\$an-us---
=050  04$aPS169.E63$bP47 2011
=082  0\$a811/.03209$223
=100  1\$aPhillips, Christopher N.
=245  10$aEpic in American Culture : $bSettlement to Reconstruction / $cChristopher N. Phillips.
=264  \1$aBaltimore, Md. :$bJohns Hopkins University Press,$c2011.
=264  \3$aBaltimore, Md. :$bProject MUSE, $c2012
=264  \4$c&copy;2011.
=300  \\$a1 online resource (376 pages).
=336  \\$atext$btxt$2rdacontent
=337  \\$acomputer$bc$2rdamedia
=338  \\$aonline resource$bcr$2rdacarrier
=504  \\$aIncludes bibliographical references and index.
=505  0\$aColumbian strains: the diffusion of epic form in early America -- Constitutional epic: old rules for an unprecedented genre -- Epic on canvas: the history of a critical term -- Transcendental epic; or, Importing the new traditions -- Tracking epic through the leather-stocking tales -- Lydia Sigourney and the Indian epic's work of mourning -- Longfellow's pantheon -- Melville's epic career.
=506  0\$aOpen Access$fUnrestricted online access$2star
=588  \\$aDescription based on print version record.
=650  \0$aNational characteristics, American, in literature.
=650  \0$aLiterature and history$zUnited States$xHistory$y19th century.
=650  \0$aLiterature and history$zUnited States$xHistory$y18th century.
=650  \0$aEpic literature, American$xHistory and criticism.
=655  \7$aElectronic books. $2local
=710  2\$aProject Muse.$edistributor
=830  \0$aBook collections on Project MUSE.
=856  40$zFull text available: $uhttps://muse.jhu.edu/book/13693/
=945  \\$aProject MUSE - 2011 Complete
=945  \\$aProject MUSE - 2011 Literature

