=LDR  01757cam a22004694a 4500
=001  musev2_13866
=003  MdBmJHUP
=005  20241011055532.0
=006  m\\\\\o\\d\\\\\\\\
=007  cr||||||||nn|n
=008  110929s2012\\\\mdu\\\\\o\\\\\\00\0\eng\d
=010  \\$z  2011040332
=020  \\$a9781421428413
=020  \\$z9781421405230
=020  \\$z9781421406138
=035  \\$a(OCoLC)809317399
=040  \\$aMdBmJHUP$cMdBmJHUP
=043  \\$an-us---
=050  04$aE302.6.F8$bA58 2012
=082  0\$a973.3/092$aB$223
=100  1\$aAnderson, Douglas,$d1950-
=245  14$aThe Unfinished Life of Benjamin Franklin / $cDouglas Anderson.
=264  \1$aBaltimore :$bJohns Hopkins University Press,$c2012.
=264  \3$aBaltimore, Md. :$bProject MUSE, $c2012
=264  \4$c&copy;2012.
=300  \\$a1 online resource (232 pages).
=336  \\$atext$btxt$2rdacontent
=337  \\$acomputer$bc$2rdamedia
=338  \\$aonline resource$bcr$2rdacarrier
=504  \\$aIncludes bibliographical references and index.
=505  0\$aIntroduction: accident and design -- Great works and little anecdotes -- Imposing forms -- The scramble of life -- Litera scripta manet -- Some uses of cunning.
=506  0\$aOpen Access$fUnrestricted online access$2star
=588  \\$aDescription based on print version record.
=600  10$aFranklin, Benjamin,$d1706-1790.
=600  10$aFranklin, Benjamin,$d1706-1790.$tAutobiography.
=650  \0$aStatesmen$zUnited States$vBiography.
=655  \7$aElectronic books. $2local
=710  2\$aProject Muse.$edistributor
=830  \0$aBook collections on Project MUSE.
=856  40$zFull text available: $uhttps://muse.jhu.edu/book/13866/
=945  \\$aProject MUSE - 2012 Complete
=945  \\$aProject MUSE - 2012 History

