=LDR  01676cam a22004334a 4500
=001  musev2_14032
=003  MdBmJHUP
=005  20241011055726.0
=006  m\\\\\o\\d\\\\\\\\
=007  cr||||||||nn|n
=008  110803s2012\\\\mdu\\\\\o\\\\\\00\0\eng\d
=010  \\$z  2011029770
=020  \\$a9781421428376
=020  \\$z9781421404905
=020  \\$z9781421405261
=035  \\$a(OCoLC)806247809
=040  \\$aMdBmJHUP$cMdBmJHUP
=050  04$aPR3348.C65$bZ66 2012
=082  0\$a828/.609$aB$223
=100  1\$aGladfelder, Hal.
=245  10$aFanny Hill in Bombay : $bThe Making and Unmaking of John Cleland / $cHal Gladfelder.
=264  \1$aBaltimore, Md. :$bJohns Hopkins University Press,$c2012.
=264  \3$aBaltimore, Md. :$bProject MUSE, $c2012
=264  \4$c&copy;2012.
=300  \\$a1 online resource (328 pages).
=336  \\$atext$btxt$2rdacontent
=337  \\$acomputer$bc$2rdamedia
=338  \\$aonline resource$bcr$2rdacarrier
=504  \\$aIncludes bibliographical references and index.
=505  0\$aFanny Hill in Bombay [1728-40] -- Down and out in Lisbon and London [1741-48] -- Sodomites [1748-49] -- Three memoirs [1748-52] -- The hack [1749-59] -- The man of feeling [1752-68] -- A Briton [1757-87].
=506  0\$aOpen Access$fUnrestricted online access$2star
=588  \\$aDescription based on print version record.
=600  10$aCleland, John,$d1709-1789.
=655  \7$aElectronic books. $2local
=710  2\$aProject Muse.$edistributor
=830  \0$aBook collections on Project MUSE.
=856  40$zFull text available: $uhttps://muse.jhu.edu/book/14032/
=945  \\$aProject MUSE - 2012 Complete
=945  \\$aProject MUSE - 2012 Literature

