=LDR  01636cam a22004214a 4500
=001  musev2_14100
=003  MdBmJHUP
=005  20241011055816.0
=006  m\\\\\o\\d\\\\\\\\
=007  cr||||||||nn|n
=008  090914s2010\\\\onc\\\\\o\\\\\\00\0\fre\d
=020  \\$a9782760318427
=020  \\$z9782760307186
=020  \\$z2760318427
=020  \\$z2760307182
=035  \\$a(OCoLC)664234108
=040  \\$aMdBmJHUP$cMdBmJHUP
=100  1\$aBackhouse, Constance,$d1952-
=245  10$aDe la couleur des lois : $bUne histoire juridique du racisme au Canada entre 1900 et 1950 / $cConstance Backhouse.
=264  \1$a[Ottawa] :$bPresses de l'Universite d'Ottawa,$c2010.
=264  \3$aBaltimore, Md. :$bProject MUSE, $c2012
=264  \4$c&copy;2010.
=300  \\$a1 online resource (594 pages): $bill., portr. ;
=336  \\$atext$btxt$2rdacontent
=337  \\$acomputer$bc$2rdamedia
=338  \\$aonline resource$bcr$2rdacarrier
=506  0\$aOpen Access$fUnrestricted online access$2star
=588  \\$aDescription based on print version record.
=650  \0$aRace discrimination$xLaw and legislation$zCanada$xHistory$y20th century.
=650  \0$aRace discrimination$xLaw and legislation$zCanada$vCases.
=650  \6$aDiscrimination raciale$xDroit$zCanada$xHistoire$y20e siecle.
=650  \6$aDiscrimination raciale$xDroit$zCanada$vJurisprudence.
=655  \7$aElectronic books. $2local
=710  2\$aProject Muse.$edistributor
=830  \0$aBook collections on Project MUSE.
=856  40$zFull text available: $uhttps://muse.jhu.edu/book/14100/
=945  \\$aProject MUSE - 2010 History
=945  \\$aProject MUSE - 2010 Complete

