=LDR  01399cam a22003854a 4500
=001  musev2_14102
=003  MdBmJHUP
=005  20241011055817.0
=006  m\\\\\o\\d\\\\\\\\
=007  cr||||||||nn|n
=008  110217s2011\\\\onc\\\\\o\\\\\\00\0\eng\d
=020  \\$a9782760319424
=020  \\$z2760319423
=020  \\$z9782760307612
=020  \\$z2760307611
=035  \\$a(OCoLC)733084662
=040  \\$aMdBmJHUP$cMdBmJHUP
=100  1\$aMayne, Seymour,$d1944-
=240  10$aRicochet.$lEnglish & French
=245  10$aRicochet : $bWord Sonnets - Sonnets d'un mot / $cSeymour Mayne ; traduit de l'anglais par Sabine Huynh.
=264  \1$a[Ottawa] :$bUniversity of Ottawa Press = Presses de l'Universite d'Ottawa,$c2011.
=264  \3$aBaltimore, Md. :$bProject MUSE, $c2012
=264  \4$c&copy;2011.
=300  \\$a1 online resource (152 pages).
=336  \\$atext$btxt$2rdacontent
=337  \\$acomputer$bc$2rdamedia
=338  \\$aonline resource$bcr$2rdacarrier
=506  0\$aOpen Access$fUnrestricted online access$2star
=588  \\$aDescription based on print version record.
=655  \7$aElectronic books. $2local
=710  2\$aProject Muse.$edistributor
=830  \0$aBook collections on Project MUSE.
=856  40$zFull text available: $uhttps://muse.jhu.edu/book/14102/
=945  \\$aProject MUSE - 2011 Complete
=945  \\$aProject MUSE - 2011 Poetry, Fiction and Creative Non-Fiction

