=LDR  02423cam a22005174a 4500
=001  musev2_14114
=003  MdBmJHUP
=005  20241011055824.0
=006  m\\\\\o\\d\\\\\\\\
=007  cr||||||||nn|n
=008  090416s2009\\\\nhu\\\\\o\\\\\\00\0\eng\d
=010  \\$z  2009015184
=020  \\$a9781584658429
=020  \\$z1584658428
=020  \\$z9781584657767
=035  \\$a(OCoLC)646815632
=040  \\$aMdBmJHUP$cMdBmJHUP
=043  \\$as-pe---
=050  04$aPN1995$b.M4875 2009
=082  0\$a791.430985$222
=100  1\$aMiddents, Jeffrey.
=245  10$aWriting National Cinema : $bFilm Journals and Film Culture in Peru / $cJeffrey Middents.
=264  \1$aHanover, N.H. :$bPublished by University Press of New England,$c2009.
=264  \3$aBaltimore, Md. :$bProject MUSE, $c2012
=264  \4$c&copy;2009.
=300  \\$a1 online resource (290 pages): $bill. ;
=336  \\$atext$btxt$2rdacontent
=337  \\$acomputer$bc$2rdamedia
=338  \\$aonline resource$bcr$2rdacarrier
=490  0\$aInterfaces: studies in visual culture
=504  \\$aIncludes bibliographical references (p. 251-263) and index.
=505  0\$aA history of the Peruvian cinematic tradition -- Publication, authority, identity: constructing the film journal -- Shaping Peruvian taste: "good" and "bad" Peruvian movies -- Latin American dis/connections: Peru versus the new Latin American cinema -- For a few minutes: considering the short-film industry -- Creating the "Lombardi generation": the rise of an urban cinematic aesthetic -- The changing of the guard: Peruvian cinema in the twenty-first century.
=506  0\$aOpen Access$fUnrestricted online access$2star
=588  \\$aDescription based on print version record.
=650  \0$aPeruvian periodicals$xHistory$y20th century.
=650  \0$aMotion pictures$xPeriodicals$xHistory.
=650  \0$aMotion pictures$zPeru$xHistory$y20th century.
=650  \0$aFilm criticism$zPeru$xHistory.
=655  \7$aElectronic books. $2local
=710  2\$aProject Muse.$edistributor
=830  \0$aInterfaces, studies in visual culture.
=830  \0$aBook collections on Project MUSE.
=856  40$zFull text available: $uhttps://muse.jhu.edu/book/14114/
=945  \\$aProject MUSE - Archive Complete Foundation
=945  \\$aProject MUSE - Archive Film, Theater and Performing Arts Foundation
=945  \\$aProject MUSE - Archive Latin American and Caribbean Studies Foundation

