=LDR  01557cam a22004094a 4500
=001  musev2_14212
=003  MdBmJHUP
=005  20241011055931.0
=006  m\\\\\o\\d\\\\\\\\
=007  cr||||||||nn|n
=008  100112s2010\\\\onc\\\\\o\\\\\\00\0\eng\d
=020  \\$a9782760318441
=020  \\$z9782760307216
=020  \\$z2760307212
=020  \\$z2760318443
=035  \\$a(OCoLC)664234086
=040  \\$aMdBmJHUP$cMdBmJHUP
=245  00$aAmériques transculturelles - Transcultural Americas / $csous la direction de Afef Benessaieh = Transcultural Americasedited by Afef Benessaieh.
=264  \1$aOttawa :$bPresses de l'Universite d'Ottawa = University of Ottawa Press,$c2010.
=264  \3$aBaltimore, Md. :$bProject MUSE, $c2012
=264  \4$c©2010.
=300  \\$a1 online resource (270 pages).
=336  \\$atext$btxt$2rdacontent
=337  \\$acomputer$bc$2rdamedia
=338  \\$aonline resource$bcr$2rdacarrier
=506  0\$aOpen Access$fUnrestricted online access$2star
=588  \\$aDescription based on print version record.
=651  \0$aAmerica$xCivilization$vCongresses.
=650  \0$aEthnicity$zAmerica$vCongresses.
=650  \0$aGroup identity$zAmerica$vCongresses.
=655  \7$aElectronic books. $2local
=710  2\$aProject Muse.$edistributor
=830  \0$aBook collections on Project MUSE.
=856  40$zFull text available: $uhttps://muse.jhu.edu/book/14212/
=945  \\$aProject MUSE - 2010 Global Cultural Studies
=945  \\$aProject MUSE - Archive American Studies Foundation
=945  \\$aProject MUSE - 2010 Complete

