=LDR  01725cam a22004694a 4500
=001  musev2_14433
=003  MdBmJHUP
=005  20241011060306.0
=006  m\\\\\o\\d\\\\\\\\
=007  cr||||||||nn|n
=008  111108s2012\\\\nhu\\\\\o\\\\\\00\0\eng\d
=010  \\$z  2011046301
=020  \\$a9781611682526
=020  \\$z1611682525
=020  \\$z9781611682106
=035  \\$a(OCoLC)794843217
=040  \\$aMdBmJHUP$cMdBmJHUP
=082  0\$a174.2$223
=100  1\$aWall, Anji E.
=245  10$aEthics for International Medicine : $bA Practical Guide for Aid Workers in Developing Countries / $cAnji E. Wall.
=264  \1$aHanover, N.H. :$bDartmouth College Press,$c2012.
=264  \3$aBaltimore, Md. :$bProject MUSE, $c2012
=264  \4$c&copy;2012.
=300  \\$a1 online resource (192 pages).
=336  \\$atext$btxt$2rdacontent
=337  \\$acomputer$bc$2rdamedia
=338  \\$aonline resource$bcr$2rdacarrier
=504  \\$aIncludes bibliographical references and index.
=506  0\$aOpen Access$fUnrestricted online access$2star
=588  \\$aDescription based on print version record.
=650  22$aWorld Health$vCase Reports.
=650  22$aHealth Personnel$xethics$vCase Reports.
=650  22$aEthics, Medical$vCase Reports.
=650  22$aDeveloping Countries$vCase Reports.
=650  22$aDelivery of Health Care$xethics$vCase Reports.
=650  12$aMedical Missions, Official$xethics$vCase Reports.
=655  \7$aElectronic books. $2local
=710  2\$aProject Muse.$edistributor
=830  \0$aBook collections on Project MUSE.
=856  40$zFull text available: $uhttps://muse.jhu.edu/book/14433/
=945  \\$aProject MUSE - 2012 Complete
=945  \\$aProject MUSE - 2012 Philosophy and Religion

