=LDR  02202cam a22005294a 4500
=001  musev2_15060
=003  MdBmJHUP
=005  20241011061105.0
=006  m\\\\\o\\d\\\\\\\\
=007  cr||||||||nn|n
=008  100520s2010\\\\nhu\\\\\o\\\\\\00\0\eng\d
=010  \\$z  2010021296
=020  \\$a9781584659402
=020  \\$z1584659408
=020  \\$z9781584659303
=035  \\$a(OCoLC)712993433
=040  \\$aMdBmJHUP$cMdBmJHUP
=043  \\$an-us---
=050  04$aJC585$b.B578 2010
=082  0\$a327.73001$222
=100  1\$aBogues, Anthony.
=245  10$aEmpire of Liberty : $bPower, Desire, and Freedom / $cAnthony Bogues.
=264  \1$aHanover, N.H. :$bPublished by University Press of New England,$c2010.
=264  \3$aBaltimore, Md. :$bProject MUSE, $c2012
=264  \4$c&copy;2010.
=300  \\$a1 online resource (168 pages).
=336  \\$atext$btxt$2rdacontent
=337  \\$acomputer$bc$2rdamedia
=338  \\$aonline resource$bcr$2rdacarrier
=490  0\$aRe-mapping the transnational
=504  \\$aIncludes bibliographical references and index.
=505  0\$aIntroduction -- Empire of liberty : desire, power, and the states of exception -- "Race, historical trauma, and democracy : the politics of a historical wrong" -- "Death, power, violence, and new sovereignties? -- The end of history or the invention of existence : critical thought and thinking about the human?
=506  0\$aOpen Access$fUnrestricted online access$2star
=588  \\$aDescription based on print version record.
=650  \0$aImperialism$xSocial aspects.
=650  \0$aImperialism$xMoral and ethical aspects.
=650  \0$aLiberty.
=651  \0$aUnited States$xForeign relations$xMoral and ethical aspects.
=651  \0$aUnited States$xForeign relations$xPhilosophy.
=655  \7$aElectronic books. $2local
=710  2\$aProject Muse.$edistributor
=830  \0$aRe-mapping the transnational.
=830  \0$aBook collections on Project MUSE.
=856  40$zFull text available: $uhttps://muse.jhu.edu/book/15060/
=945  \\$aProject MUSE - 2010 Political Science and Policy Studies
=945  \\$aProject MUSE - Archive American Studies Foundation
=945  \\$aProject MUSE - 2010 Complete

