=LDR  02454cam a22005654a 4500
=001  musev2_15061
=003  MdBmJHUP
=005  20241011061105.0
=006  m\\\\\o\\d\\\\\\\\
=007  cr||||||||nn|n
=008  100712s2010\\\\nhu\\\\\o\\\\\\00\0\eng\d
=010  \\$z  2010028333
=020  \\$a9781584659426
=020  \\$z1584659424
=020  \\$z9781584659327
=020  \\$z1584659327
=035  \\$a(OCoLC)712993432
=040  \\$aMdBmJHUP$cMdBmJHUP
=043  \\$an-us---
=050  04$aB105.B64$bH47 2010
=082  0\$a128/.6$222
=100  1\$aHerzogenrath, Bernd,$d1964-
=245  13$aAn American Body | Politic : $bA Deleuzian Approach / $cBernd Herzogenrath.
=264  \1$aHanover, N.H. :$bPublished by University Press of New England,$c2010.
=264  \3$aBaltimore, Md. :$bProject MUSE, $c2012
=264  \4$c&copy;2010.
=300  \\$a1 online resource (336 pages): $bill. ;
=336  \\$atext$btxt$2rdacontent
=337  \\$acomputer$bc$2rdamedia
=338  \\$aonline resource$bcr$2rdacarrier
=490  0\$aRe-mapping the transnational
=504  \\$aIncludes bibliographical references and index.
=505  0\$aBody/theory/politic : body-theory -- The Puritans' two bodies -- "'physics' of power" : phase transitions and turbulence in the Antinomian controversy -- Cotton Mather : the angel and the animalcula -- "I am the poet of little things" : Walt Whitman and minor poetics/politics -- A physical theory of heredity/heresy : the education of Henry Adams -- "A sonorous people" : techno-music and the joyful body-politic.
=506  0\$aOpen Access$fUnrestricted online access$2star
=588  \\$aDescription based on print version record.
=650  \0$aPolitics and literature$zUnited States.
=650  \0$aLiterature and society$zUnited States.
=650  \0$aHuman body in literature.
=650  \0$aPolitical science$zUnited States$xPhilosophy.
=650  \0$aHuman body$xSocial aspects$zUnited States.
=650  \0$aHuman body$xPolitical aspects$zUnited States.
=650  \0$aHuman body (Philosophy)
=600  10$aDeleuze, Gilles,$d1925-1995.
=655  \7$aElectronic books. $2local
=710  2\$aProject Muse.$edistributor
=830  \0$aBook collections on Project MUSE.
=856  40$zFull text available: $uhttps://muse.jhu.edu/book/15061/
=945  \\$aProject MUSE - 2010 Philosophy and Religion
=945  \\$aProject MUSE - Archive American Studies Foundation
=945  \\$aProject MUSE - 2010 Complete

