=LDR  04336cam a22007694a 4500
=001  musev2_15078
=003  MdBmJHUP
=005  20241011061117.0
=006  m\\\\\o\\d\\\\\\\\
=007  cr||||||||nn|n
=008  120723s2012\\\\utu\\\\\o\\\\\\00\0\eng\d
=020  \\$a9780874218657
=020  \\$z9780874218633
=035  \\$a(OCoLC)801407283
=040  \\$aMdBmJHUP$cMdBmJHUP
=100  1\$aThomas, Erin Ann.
=245  10$aCoal in our Veins : $bA Personal Journey / $cErin Ann Thomas.
=264  \1$aLogan, Utah :$bUtah State University Press,$c2012.
=264  \3$aBaltimore, Md. :$bProject MUSE, $c2012
=264  \4$c©2012.
=300  \\$a1 online resource (286 pages): $billustrations
=336  \\$atext$btxt$2rdacontent
=337  \\$acomputer$bc$2rdamedia
=338  \\$aonline resource$bcr$2rdacarrier
=505  0\$aIntroduction -- A Miner's Lamp -- Cymyru -- A Welsh Coal Miner -- The First Loco to Run on Rails -- Two Miners' Sons -- The Paths of Blind Horses -- Carbon County -- The Rattle of Dead Men's Skin -- Zeph and Maud -- The Castle Gate -- The Striking Years -- Get the Men Out -- Leaving Carbon -- Ghost Towns -- Bridge -- A Historical Gap -- West Virginia -- The Little White Chapel -- One Who Escaped -- A Memorial -- Mountains Made Low -- String-Town Appalachia -- Squatter on a Gold Mine -- Washington, D.C. -- The Energy Future of America -- A Drop in the Bucket -- Yes to Electric Reliability -- Coda -- In the Bowels of the Earth -- The Last Deep Coal Mine in Wales -- The Winds of Change -- Afterword.
=506  0\$aOpen Access$fUnrestricted online access$2star
=520  \\$aCoal in Our Veins employs historical research, autobiography, and journalism to intertwine the history of coal, her ancestors' lives mining coal, and the societal and environmental impacts of the United States' dependency on coal as an energy source. In the first part of the book, she visits Wales, native ground of British coal mining and of her emigrant ancestors. The Thomases' move to the coal region of Utah, where they witnessed the Winter Quarters and Castle Gate mine explosions two of the worst mining disasters in American history and the history of coal development in Utah are explored in the second part.
=546  \\$aIn English.
=588  \\$aDescription based on print version record.
=600  17$aThomas, Erin Ann.$2fast$0(OCoLC)fst01936485
=600  11$aThomas, Erin Ann$xFamily.
=600  11$aThomas, Erin Ann$xTravel.
=600  10$aThomas, Erin Ann$xTravel.
=600  10$aThomas, Erin Ann$xFamily.
=650  \7$aWelsh Americans.$2fast$0(OCoLC)fst01173764
=650  \7$aTravel.$2fast$0(OCoLC)fst01155558
=650  \7$aFamilies.$2fast$0(OCoLC)fst01728849
=650  \7$aCoal mines and mining.$2fast$0(OCoLC)fst00865355
=650  \7$aCoal miners.$2fast$0(OCoLC)fst00865316
=650  \7$aCoal$xEnvironmental aspects.$2fast$0(OCoLC)fst00865130
=650  \7$aHISTORY$zUnited States$xState & Local$xWest (AK, CA, CO, HI, ID, MT, NV, UT, WY)$2bisacsh
=650  \7$aTECHNOLOGY & ENGINEERING$xMining.$2bisacsh
=650  \6$aCharbon$xAspect social$zÉtats-Unis.
=650  \6$aAmericains d'origine galloise$zUtah$vBiographies.
=650  \6$aMineurs de charbon$zPays de Galles$vBiographies.
=650  \6$aMineurs de charbon$zUtah$vBiographies.
=650  \0$aCoal$xSocial aspects$zUnited States.
=650  \0$aCoal$xEnvironmental aspects$zUnited States.
=650  \0$aCoal mines and mining$zWales$xHistory.
=650  \0$aCoal mines and mining$zUtah$xHistory.
=650  \0$aWelsh Americans$zUtah$vBiography.
=650  \0$aCoal miners$zWales$vBiography.
=650  \0$aCoal miners$zUtah$vBiography.
=651  \7$aWales.$2fast$0(OCoLC)fst01207649
=651  \7$aUtah.$2fast$0(OCoLC)fst01204563
=651  \7$aUnited States.$2fast$0(OCoLC)fst01204155
=655  \7$aBiographies.$2rvmgf
=655  \7$aBiographies.$2lcgft
=655  \7$aHistory.$2fast$0(OCoLC)fst01411628
=655  \7$aBiographies.$2fast$0(OCoLC)fst01919896
=655  \7$acollective biographies.$2aat
=655  \7$aElectronic books. $2local
=710  2\$aProject Muse.$edistributor
=830  \0$aBook collections on Project MUSE.
=856  40$zFull text available: $uhttps://muse.jhu.edu/book/15078/
=945  \\$aProject MUSE - 2012 US Regional Studies, West
=945  \\$aProject MUSE - 2012 Complete

