=LDR  02495cam a22005894a 4500
=001  musev2_15089
=003  MdBmJHUP
=005  20241011061124.0
=006  m\\\\\o\\d\\\\\\\\
=007  cr||||||||nn|n
=008  001113s1999\\\\txu\\\\\o\\\\\\00\0\eng\d
=020  \\$a9781574414899
=020  \\$z9781574410679
=035  \\$a(OCoLC)604325274
=040  \\$aMdBmJHUP$cMdBmJHUP
=100  1\$aStimpson, Eddie,$d1929-
=245  10$aMy Remembers : $bA Black Sharecropper's Recollections of the Depression / $cby Eddie Stimpson, Jr. ("Sarge") ; introduction by James W. Byrd ; foreword by Frances Wells ; illustrated by Burnice Breckenridge.
=264  \1$aDenton, Tex. :$bUniversity of North Texas Press,$c1999.
=264  \3$aBaltimore, Md. :$bProject MUSE, $c2013
=264  \4$c&copy;1999.
=300  \\$a1 online resource (192 pages): $billustrations
=336  \\$atext$btxt$2rdacontent
=337  \\$acomputer$bc$2rdamedia
=338  \\$aonline resource$bcr$2rdacarrier
=500  \\$a[1st pbk. ed.].
=500  \\$aIncludes index.
=506  0\$aOpen Access$fUnrestricted online access$2star
=546  \\$aEnglish.
=588  \\$aDescription based on print version record.
=600  17$aStimpson, Eddie,$d1929-$2fast$0(OCoLC)fst00358586
=600  10$aStimpson, Eddie,$d1929-
=650  \7$aSocial conditions$2fast$0(OCoLC)fst01919811
=650  \7$aSharecroppers.$2fast$0(OCoLC)fst01115254
=650  \7$aFarm life.$2fast$0(OCoLC)fst00921052
=650  \7$aDepressions.$2fast$0(OCoLC)fst00890969
=650  \7$aAfrican Americans.$2fast$0(OCoLC)fst00799558
=650  \7$aHISTORY$xState & Local$xGeneral.$2bisacsh
=650  \7$aBIOGRAPHY & AUTOBIOGRAPHY$xHistorical.$2bisacsh
=650  \0$aFarm life$zTexas$zPlano Region$xHistory$y20th century.
=650  \0$aDepressions$y1929$zTexas$zPlano Region.
=650  \0$aSharecroppers$zTexas$zPlano Region$vBiography.
=650  \0$aAfrican Americans$zTexas$zPlano Region$vBiography.
=651  \7$aTexas$zPlano Region.$2fast$0(OCoLC)fst01350722
=651  \0$aPlano Region (Tex.)$xSocial conditions.
=655  \7$aHistory.$2fast$0(OCoLC)fst01411628
=655  \7$aBiographies.$2fast$0(OCoLC)fst01919896
=655  \7$aElectronic books. $2local
=710  2\$aProject Muse.$edistributor
=830  \0$aBook collections on Project MUSE.
=856  40$zFull text available: $uhttps://muse.jhu.edu/book/15089/
=945  \\$aProject MUSE - Archive Complete Supplement
=945  \\$aProject MUSE - Archive US Regional Studies, South Supplement

