=LDR  01861cam a22005054a 4500
=001  musev2_15129
=003  MdBmJHUP
=005  20241011061151.0
=006  m\\\\\o\\d\\\\\\\\
=007  cr||||||||nn|n
=008  111212s2012\\\\mdu\\\\\o\\\\\\00\0\eng\d
=010  \\$z  2011047314
=020  \\$a9781421428260
=020  \\$z9781421405872
=020  \\$z9781421406091
=035  \\$a(OCoLC)867789027
=040  \\$aMdBmJHUP$cMdBmJHUP
=043  \\$ae-uk---
=050  04$aPR448.A37$bC35 2012
=082  0\$a820.9/007$223
=100  1\$aCanuel, Mark.
=245  10$aJustice, Dissent, and the Sublime / $cMark Canuel.
=264  \1$aBaltimore :$bJohns Hopkins University Press,$c2012.
=264  \3$aBaltimore, Md. :$bProject MUSE, $c2012
=264  \4$c&copy;2012.
=300  \\$a1 online resource (192 pages).
=336  \\$atext$btxt$2rdacontent
=337  \\$acomputer$bc$2rdamedia
=338  \\$aonline resource$bcr$2rdacarrier
=504  \\$aIncludes bibliographical references and index.
=505  0\$aBeautiful people -- Doing justice in aesthetics -- The reparative impulse -- Biopolitics and the sublime -- Aesthetics and animal theory.
=506  0\$aOpen Access$fUnrestricted online access$2star
=588  \\$aDescription based on print version record.
=650  \0$aRomanticism$zGreat Britain.
=650  \0$aSublime, The, in literature.
=650  \0$aJustice in literature.
=650  \0$aEnglish literature$y19th century$xHistory and criticism.
=650  \0$aEnglish literature$y18th century$xHistory and criticism.
=650  \0$aAesthetics in literature.
=655  \7$aElectronic books. $2local
=710  2\$aProject Muse.$edistributor
=830  \0$aBook collections on Project MUSE.
=856  40$zFull text available: $uhttps://muse.jhu.edu/book/15129/
=945  \\$aProject MUSE - 2012 Complete
=945  \\$aProject MUSE - 2012 Literature

