=LDR  02669cam a22005654a 4500
=001  musev2_15686
=003  MdBmJHUP
=005  20241011061847.0
=006  m\\\\\o\\d\\\\\\\\
=007  cr||||||||nn|n
=008  090223s2009\\\\nhu\\\\\o\\\\\\00\0\eng\d
=010  \\$z  2009007661
=020  \\$a9781584658238
=020  \\$z1584658231
=020  \\$z158465774X
=020  \\$z9781584657743
=035  \\$a(OCoLC)667077309
=040  \\$aMdBmJHUP$cMdBmJHUP
=043  \\$an-us-ri$ae-uk---
=050  04$aF82$b.F54 2009
=082  0\$a974.5/02$222
=100  1\$aField, Jonathan Beecher.
=245  10$aErrands into the Metropolis : $bNew England Dissidents in Revolutionary London / $cJonathan Beecher Field.
=264  \1$aHanover, N.H. :$bUniversity Press of New England,$c2009.
=264  \3$aBaltimore, Md. :$bProject MUSE, $c2012
=264  \4$c&copy;2009.
=300  \\$a1 online resource (176 pages): $bill., map ;
=336  \\$atext$btxt$2rdacontent
=337  \\$acomputer$bc$2rdamedia
=338  \\$aonline resource$bcr$2rdacarrier
=490  0\$aReencounters with colonialism--new perspectives on the Americas
=504  \\$aIncludes bibliographical references and index.
=505  0\$a50% cotton: authorship, authority, and the Atlantic -- A key for the gate : Roger Williams, parliament, & Providence -- "A belcher-out of errours": Samuel Gorton and the Atlantic subject -- Antinomians, Anabaptists, and Aquidneck: contesting heresy in interregnum London -- Suffering and subscribing: configurations of authorship in the Quaker Atlantic -- Conclusion: "a lively experiment.
=506  0\$aOpen Access$fUnrestricted online access$2star
=588  \\$aDescription based on print version record.
=651  \0$aGreat Britain$xColonies$zAmerica$xHistory$y17th century.
=651  \0$aGreat Britain$xColonies$xAdministration$xHistory$y17th century.
=651  \0$aRhode Island$xPolitics and government$yTo 1775.
=651  \0$aRhode Island$xHistory$yColonial period, ca. 1600-1775.
=650  \0$aDiscourse analysis$xHistory$y17th century.
=650  \0$aPolitics and literature$zEngland$xHistory$y17th century.
=650  \0$aDissenters, Religious$xPolitical activity$zEngland$xHistory$y17th century.
=650  \0$aDissenters, Religious$zRhode Island$xHistory.
=655  \7$aElectronic books. $2local
=710  2\$aProject Muse.$edistributor
=830  \0$aReencounters with colonialism--new perspectives on the Americas.
=830  \0$aBook collections on Project MUSE.
=856  40$zFull text available: $uhttps://muse.jhu.edu/book/15686/
=945  \\$aProject MUSE - Archive Complete Foundation
=945  \\$aProject MUSE - Archive History Foundation

