=LDR  04314cam a22007814a 4500
=001  musev2_15883
=003  MdBmJHUP
=005  20241011062105.0
=006  m\\\\\o\\d\\\\\\\\
=007  cr||||||||nn|n
=008  120209s2012\\\\onc\\\\\o\\\\\\00\0\eng\d
=010  \\$z  2016417827
=020  \\$a9780776619866
=020  \\$z9780776607726
=035  \\$a(OCoLC)795008854
=040  \\$aMdBmJHUP$cMdBmJHUP
=100  1\$aMarschke, Melissa,$d1973-
=245  10$aLife, Fish and Mangroves : $bResource Governance in Coastal Cambodia
=264  \1$aOttawa :$bUniversity of Ottawa Press,$c2012.
=264  \3$aBaltimore, Md. :$bProject MUSE, $c2012
=264  \4$c©2012.
=300  \\$a1 online resource (192 pages): $bmaps
=336  \\$atext$btxt$2rdacontent
=337  \\$acomputer$bc$2rdamedia
=338  \\$aonline resource$bcr$2rdacarrier
=490  0\$aGovernance series,$x1487-3052 ;$v28
=505  0\$aI. Desiring Local Resource Governance; II. Governing a Coveted Resource; III. Life in a Resource-Dependent Village, 1998-2010; IV. Villagers Pursuing Local Resource Governance, 1998-2010; V. Resource Governance across Administrative Units; VI. Probing the Failures; Conclusion: Resource Governance at the Margins.
=506  0\$aOpen Access$fUnrestricted online access$2star
=520  \\$a"In Life, Fish and Mangroves, Melissa Marschke explores the potential of resource governance, offering a case study of resource-dependent village life. Following six households and one village-based institution in coastal Cambodia over a twelve-year period, Marschke reveals the opportunities and constraints facing villagers and illustrates why local resource management practices remain delicate, even with a sustained effort. She highlights how government and business interests in community-based management and resource exploitation combine to produce a complex, highly uncertain dynamic. With this instructive study, she demonstrates that in spite of a significant effort, spanning many years and engaging many players, resource governance remains fragile and coastal livelihoods in Cambodia remain precarious."--Project Muse
=546  \\$aEnglish.
=588  \\$aDescription based on print version record.
=650  \7$aRural conditions.$2fast$0(OCoLC)fst01101474
=650  \7$aNatural resources$xGovernment policy.$2fast$0(OCoLC)fst01034422
=650  \7$aNatural resources$xCo-management.$2fast$0(OCoLC)fst01201247
=650  \7$aFishery co-management.$2fast$0(OCoLC)fst01202039
=650  \7$aPOLITICAL SCIENCE$xPublic Policy$xEnvironmental Policy.$2bisacsh
=650  \7$aNATURE$xNatural Resources.$2bisacsh
=650  \7$aBUSINESS & ECONOMICS$xGreen Business.$2bisacsh
=650  \7$aBUSINESS & ECONOMICS$xEnvironmental Economics.$2bisacsh
=650  \7$aThe environment.$2bicssc
=650  \7$aSouth East Asia.$2bicssc
=650  \7$aSociety and social sciences Society and social sciences.$2bicssc
=650  \7$aRegional government.$2bicssc
=650  \7$aPolitics and government.$2bicssc
=650  \7$aPolitical, socio-economic and strategic groupings.$2bicssc
=650  \7$aOther geographical groupings, oceans and seas.$2bicssc
=650  \7$aEnvironmental policy and protocols New.$2bicssc
=650  \7$aEarth sciences, geography, environment, planning.$2bicssc
=650  \7$aDeveloping countries.$2bicssc
=650  \7$aCambodia.$2bicssc
=650  \7$aAsia.$2bicssc
=650  \6$aRessources naturelles$xCogestion$zCambodge.
=650  \6$aRessources naturelles$xCongestion$zCambodge.
=650  \6$aRessources naturelles$xPolitique gouvernementale$zCambodge.
=650  \6$aPêches$xCogestion$zCambodge.
=650  \0$aFishery co-management$zCambodia.
=650  \0$aNatural resources$xGovernment policy$zCambodia.
=650  \0$aNatural resources$xCo-management$zCambodia.
=651  \7$aCambodia.$2fast$0(OCoLC)fst01207659
=651  \6$aCambodge$xConditions rurales.
=651  \0$aCambodia$xRural conditions.
=655  \7$aElectronic books. $2local
=710  2\$aProject Muse.$edistributor
=830  \0$aBook collections on Project MUSE.
=856  40$zFull text available: $uhttps://muse.jhu.edu/book/15883/
=945  \\$aProject MUSE - 2012 Complete
=945  \\$aProject MUSE - 2012 Literature
=945  \\$aProject MUSE - 2012 Asian and Pacific Studies

