=LDR  05490cam a22007454a 4500
=001  musev2_15926
=003  MdBmJHUP
=005  20241011062136.0
=006  m\\\\\o\\d\\\\\\\\
=007  cr||||||||nn|n
=008  061205s2006\\\\nju\\\\\o\\\\\\00\0\eng\d
=020  \\$a9780813539430
=020  \\$z9780813538136
=020  \\$z0813539439
=035  \\$a(OCoLC)76884927
=040  \\$aMdBmJHUP$cMdBmJHUP
=100  1\$aPineda, Baron L.,$d1967-
=245  10$aShipwrecked Identities : $bNavigating Race on Nicaragua's Mosquito Coast / $cBaron L. Pineda.
=264  \1$aNew Brunswick, N.J. :$bRutgers University Press,$c2006.
=264  \3$aBaltimore, Md. :$bProject MUSE, $c2013
=264  \4$c©2006.
=300  \\$a1 online resource (294 pages): $bmap
=336  \\$atext$btxt$2rdacontent
=337  \\$acomputer$bc$2rdamedia
=338  \\$aonline resource$bcr$2rdacarrier
=505  0\$aThe setting -- Nicaragua's two coasts -- From Bilwi to Puerto Cabezas : Mestizo nationalism in the age of agro-industry -- Company time -- Neighborhoods and official ethnicity -- Costeño warriors and contra rebels : nature, culture, and ethnic conflict -- Conclusion.
=506  0\$aOpen Access$fUnrestricted online access$2star
=520  \\$aGlobal identity politics rest heavily on notions of ethnicity and authenticity, especially in contexts where indigenous identity becomes a basis for claims of social and economic justice. In contemporary Latin America there is a resurgence of indigenous claims for cultural and political autonomy and for the benefits of economic development. Yet these identities have often been taken for granted. In this historical ethnography, Baron L. Pineda traces the history of the port town of Bilwi, now known officially as Puerto Cabezas, on the Atlantic coast of Nicaragua to explore the development, transformation, and function of racial categories in this region over time. From the English colonial period, through the Sandanista conflict of the 1980s, to the aftermath of the Contra War, Pineda shows how powerful outside actors, as well as Nicaraguans, have made efforts to influence notions about African and Black identity among the Miskito Indians, Afro-Nicaraguan Creole, and Mestizos in the region. In the process, he provides insight into the causes and meaning of social movements and political turmoil.; "Shipwrecked Identities" also includes important critical analysis of the role of anthropologists and other North American scholars in the Contra-Sandinista conflict, as well as the ways these scholars have defined ethnic identities in Latin America. As the indigenous people of the Mosquito Coast continue to negotiate the effects of a long history of contested ethnic and racial identity, this book takes an important step in questioning the origins, legitimacy, and consequences of such claims.
=546  \\$aEnglish.
=588  \\$aDescription based on print version record.
=650  \7$aRassismus$2gnd
=650  \7$aEthnische Identität$2gnd
=650  \7$aSocial conditions$2fast$0(OCoLC)fst01919811
=650  \7$aRace relations.$2fast$0(OCoLC)fst01086509
=650  \7$aIndigenous peoples$xSocial conditions.$2fast$0(OCoLC)fst00970256
=650  \7$aIndigenous peoples$xEthnic identity.$2fast$0(OCoLC)fst00970230
=650  \7$aIndians of Central America$xSocial conditions.$2fast$0(OCoLC)fst00969500
=650  \7$aIndians of Central America$xEthnic identity.$2fast$0(OCoLC)fst00969451
=650  \7$aUrban Indians.$2fast$0(OCoLC)fst00969414
=650  \7$aSOCIAL SCIENCE$xAnthropology$xGeneral.$2bisacsh
=650  \7$aSOCIAL SCIENCE$xEthnic Studies$xNative American Studies.$2bisacsh
=650  \6$aAutochtones$xIdentite ethnique$zMosquitos, Côte des (Honduras et Nicaragua)
=650  \6$aIndiens d'Amerique$zNicaragua$xIdentite ethnique.
=650  \0$aIndigenous peoples$zMosquitia (Nicaragua and Honduras)$xSocial conditions.
=650  \0$aIndigenous peoples$zMosquitia (Nicaragua and Honduras)$xEthnic identity.
=650  \0$aIndians of Central America$zMosquitia (Nicaragua and Honduras)$xSocial conditions.
=650  \0$aUrban Indians$zCentral America.
=650  \0$aIndians of Central America$zNicaragua$xEthnic identity.
=651  \7$aMoskitoküste$2gnd
=651  \7$aNicaragua.$2fast$0(OCoLC)fst01228307
=651  \7$aCentral America$zMosquitia.$2fast$0(OCoLC)fst01310122
=651  \7$aCentral America.$2fast$0(OCoLC)fst01244535
=651  \6$aMosquitos, Côte des (Honduras et Nicaragua)$xConditions sociales.
=651  \6$aMosquitos, Côte des (Honduras et Nicaragua)$xRelations raciales.
=651  \0$aMosquitia (Nicaragua and Honduras)$xSocial conditions.
=651  \0$aMosquitia (Nicaragua and Honduras)$xRace relations.
=655  \7$aElectronic books. $2local
=773  0\$tKnowledge Unlatched.
=710  2\$aProject Muse.$edistributor
=830  \0$aBook collections on Project MUSE.
=880  0\$6505-00/(Q$aThe setting -- Nicaragua's two coasts -- From Bilwi to Puerto Cabezas : Mestizo nationalism in the age of agro-industry -- Company time -- Neighborhoods and official ethnicity -- Costen⁺ёo warriors and contra rebels : nature, culture, and ethnic conflict -- Conclusion.
=856  40$zFull text available: $uhttps://muse.jhu.edu/book/15926/
=945  \\$aProject MUSE - Archive Global Cultural Studies Supplement
=945  \\$aProject MUSE - Archive Complete Supplement
=945  \\$aProject MUSE - Archive Native American and Indigenous Studies Foundation

