=LDR  02138cam a22005294a 4500
=001  musev2_17286
=003  MdBmJHUP
=005  20241011063715.0
=006  m\\\\\o\\d\\\\\\\\
=007  cr||||||||nn|n
=008  080610s2009\\\\txu\\\\\o\\\\\\00\0\eng\d
=010  \\$z  2008025278
=020  \\$a9780292793569
=020  \\$z9780292718524
=020  \\$z9780292723450
=020  \\$z9780292783065
=035  \\$a(OCoLC)435528322
=040  \\$aMdBmJHUP$cMdBmJHUP
=041  1\$aeng$anah$hnah
=050  04$aPM4068.6$b.R65 2009
=082  0\$a897/.4521008$222
=130  0\$aRomances de los señores de la Nueva España.$lEnglish & Aztec.
=245  10$aBallads of the Lords of New Spain : $bThe Codex Romances de los Senores de la Nueva Espana / $ctranscribed and translated from the Nahuatl by John Bierhorst.
=250  \\$a1st ed.
=264  \1$aAustin :$bUniversity of Texas Press,$c2009.
=264  \3$aBaltimore, Md. :$bProject MUSE, $c2012
=264  \4$c©2009.
=300  \\$a1 online resource (253 pages).
=336  \\$atext$btxt$2rdacontent
=337  \\$acomputer$bc$2rdamedia
=338  \\$aonline resource$bcr$2rdacarrier
=490  0\$aThe William and Bettye Nowlin series in art, history, and culture of the Western Hemisphere
=504  \\$aIncludes bibliographical references (p. [221]-232) and index.
=506  0\$aOpen Access$fUnrestricted online access$2star
=546  \\$aText in English and Nahuatl.
=588  \\$aDescription based on print version record.
=650  \0$aNahuatl poetry$xTranslations into English.
=650  \0$aNahuatl poetry.
=655  \7$aElectronic books. $2local
=700  1\$aBierhorst, John.
=710  2\$aProject Muse.$edistributor
=830  \0$aWilliam & Bettye Nowlin series in art, history, and culture of the Western Hemisphere.
=830  \0$aBook collections on Project MUSE.
=856  40$zFull text available: $uhttps://muse.jhu.edu/book/17286/
=945  \\$aProject MUSE - Archive Complete Foundation
=945  \\$aProject MUSE - Archive Film, Theater and Performing Arts Foundation
=945  \\$aProject MUSE - Archive Latin American and Caribbean Studies Foundation

