=LDR  01248cam a22003614a 4500
=001  musev2_16481
=003  MdBmJHUP
=005  20241011062803.0
=006  m\\\\\o\\d\\\\\\\\
=007  cr||||||||nn|n
=008  220902s2008\\\\xx\\\\\\o\\\\\\00\0\eng\d
=020  \\$a9781421427829
=020  \\$z9781421401676
=020  \\$z9780801889974
=035  \\$a(OCoLC)867792828
=040  \\$aMdBmJHUP$cMdBmJHUP
=100  1\$aGelber, Steven M.
=245  10$aHorse Trading in the Age of Cars : $bMen in the Marketplace
=264  \1$bJohns Hopkins University Press,$c2008
=264  \3$aBaltimore, Md. :$bProject MUSE, $c2013
=264  \4$c&copy;2008
=300  \\$a1 online resource (248 pages).
=336  \\$atext$btxt$2rdacontent
=337  \\$acomputer$bc$2rdamedia
=338  \\$aonline resource$bcr$2rdacarrier
=506  0\$aOpen Access$fUnrestricted online access$2star
=588  \\$aDescription based on print version record.
=655  \7$aElectronic books. $2local
=710  2\$aProject Muse.$edistributor
=830  \0$aBook collections on Project MUSE.
=856  40$zFull text available: $uhttps://muse.jhu.edu/book/16481/
=945  \\$aProject MUSE - Archive Global Cultural Studies Supplement
=945  \\$aProject MUSE - Archive Complete Supplement

