=LDR  03082cam a22006494a 4500
=001  musev2_17241
=003  MdBmJHUP
=005  20241011063645.0
=006  m\\\\\o\\d\\\\\\\\
=007  cr||||||||nn|n
=008  120823s2005\\\\nju\\\\\o\\\\\\00\0\eng\d
=010  \\$z  2005002577
=020  \\$a9780813537641
=020  \\$z0813537649
=020  \\$z9780813536620
=035  \\$a(OCoLC)809774594
=040  \\$aMdBmJHUP$cMdBmJHUP
=100  1\$aHerzig, Rebecca M.,$d1971-
=245  10$aSuffering For Science : $bReason and Sacrifice in Modern America / $cRebecca M. Herzig.
=264  \1$aPiscataway :$bRutgers University Press,$c2005.
=264  \3$aBaltimore, Md. :$bProject MUSE, $c2013
=264  \4$c©2005.
=300  \\$a1 online resource (208 pages).
=336  \\$atext$btxt$2rdacontent
=337  \\$acomputer$bc$2rdamedia
=338  \\$aonline resource$bcr$2rdacarrier
=505  0\$aWilling captives -- The bonds of science -- Purists -- Explorers -- Martyrs -- Barbarians.
=506  0\$aOpen Access$fUnrestricted online access$2star
=520  \\$aFrom gruesome self-experimentation to exhausting theoretical calculations, stories abound of scientists willfully surrendering health, well-being, and personal interests for the sake of their work. What accounts for the prevalence of this coupling of knowledge and pain-and for the peculiar assumption that science requires such suffering? In this lucid and absorbing history, Rebecca M. Herzig explores the rise of an ethic of "self-sacrifice" in American science. Delving into some of the more bewildering practices of the Gilded Age and the Progressive Era, she describes when an.
=588  \\$aDescription based on print version record.
=650  \7$aSelf.$2fast$0(OCoLC)fst01111441
=650  \7$aScience$xSocial aspects.$2fast$0(OCoLC)fst01108360
=650  \7$aHuman body$xSocial aspects.$2fast$0(OCoLC)fst01730101
=650  \7$aMEDICAL$xHistory.$2bisacsh
=650  \7$aSCIENCE$xHistory.$2bisacsh
=650  \6$aMedecine$xHistoire$y19e siecle.
=650  \6$aStress.
=650  \6$aMoi (Psychologie)$xHistoire$y19e siecle.
=650  \6$aSciences$xAspect social$zÉtats-Unis$xHistoire$y19e siecle.
=650  22$aHistory, 19th Century
=650  22$aStress, Psychological
=650  12$aResearch$xhistory
=650  12$aScience$xhistory
=650  \0$aSelf$xHistory$y19th century.
=650  \0$aHuman body$xSocial aspects$zUnited States$xHistory$y19th century.
=650  \0$aScience$xSocial aspects$zUnited States$xHistory$y19th century.
=651  \7$aUnited States.$2fast$0(OCoLC)fst01204155
=651  \6$aÉtats-Unis$xHistoire$y19e siecle.
=651  \2$aUnited States
=651  \0$aUnited States$xHistory$y19th century.
=655  \7$aHistory.$2fast$0(OCoLC)fst01411628
=655  \7$aElectronic books. $2local
=710  2\$aProject Muse.$edistributor
=830  \0$aBook collections on Project MUSE.
=856  40$zFull text available: $uhttps://muse.jhu.edu/book/17241/
=945  \\$aProject MUSE - Archive Complete Supplement
=945  \\$aProject MUSE - Archive History Supplement

