=LDR  01563cam a22004694a 4500
=001  musev2_17314
=003  MdBmJHUP
=005  20241011063733.0
=006  m\\\\\o\\d\\\\\\\\
=007  cr||||||||nn|n
=008  111212s2012\\\\mdu\\\\\o\\\\\\00\0\eng\d
=010  \\$z  2011047318
=020  \\$a9781421428208
=020  \\$z9781421406480
=020  \\$z9781421405896
=035  \\$a(OCoLC)813286351
=040  \\$aMdBmJHUP$cMdBmJHUP
=050  04$aB2430.D454$bK38 2012
=082  0\$a194$223
=100  1\$aKaufman, Eleanor.
=245  10$aDeleuze, The Dark Precursor : $bDialectic, Structure, Being / $cEleanor Kaufman.
=264  \1$aBaltimore :$bThe Johns Hopkins University Press,$c2012.
=264  \3$aBaltimore, Md. :$bProject MUSE, $c2012
=264  \4$c&copy;2012.
=300  \\$a1 online resource (264 pages).
=336  \\$atext$btxt$2rdacontent
=337  \\$acomputer$bc$2rdamedia
=338  \\$aonline resource$bcr$2rdacarrier
=490  0\$aRethinking theory
=504  \\$aIncludes bibliographical references and index.
=506  0\$aOpen Access$fUnrestricted online access$2star
=588  \\$aDescription based on print version record.
=600  10$aDeleuze, Gilles,$d1925-1995.
=650  \0$aOntology.
=650  \0$aStructuralism.
=650  \0$aDialectic.
=655  \7$aElectronic books. $2local
=710  2\$aProject Muse.$edistributor
=830  \0$aBook collections on Project MUSE.
=856  40$zFull text available: $uhttps://muse.jhu.edu/book/17314/
=945  \\$aProject MUSE - 2012 Complete
=945  \\$aProject MUSE - 2012 Literature

