=LDR  04574cam a22007094a 4500
=001  musev2_17679
=003  MdBmJHUP
=005  20241011064146.0
=006  m\\\\\o\\d\\\\\\\\
=007  cr||||||||nn|n
=008  100929s2007\\\\nju\\\\\o\\\\\\00\0\eng\d
=020  \\$a9780813543543
=020  \\$z0813543541
=020  \\$z9780813540405
=035  \\$a(OCoLC)667099114
=040  \\$aMdBmJHUP$cMdBmJHUP
=100  1\$aFowler, Josephine.
=245  10$aJapanese And Chinese Immigrant Activists : $bOrganizing in American and International Communist Movements, 1919-1933 / $cJosephine Fowler.
=264  \1$aNew Brunswick, N.J. :$bRutgers University Press,$c2007.
=264  \3$aBaltimore, Md. :$bProject MUSE, $c2013
=264  \4$c&copy;2007.
=300  \\$a1 online resource (296 pages): $billustrations, map
=336  \\$atext$btxt$2rdacontent
=337  \\$acomputer$bc$2rdamedia
=338  \\$aonline resource$bcr$2rdacarrier
=505  0\$aOrigins and beginnings -- Historical background -- Study groups, the Oriental Branch, and "hands-off China" demonstrations -- From the top down -- "The red capital of the great bolshevik republic" -- Advancing bolshevism from Moscow outward and back and forth across the Pacific -- From the bottom up -- From East to West and West to East -- Left-wing Chinese immigrant activists -- Chinese workers in America -- Formation of the Oriental Branch of the ILD.
=506  0\$aOpen Access$fUnrestricted online access$2star
=520  \\$aJapanese and Chinese immigrants in the United States have traditionally been characterized as hard workers who are hesitant to involve themselves in labor disputes or radical activism. How then does one explain the labor and Communist organizations in the Asian immigrant communities that existed from coast to coast between 1919 and 1933? Their organizers and members have been, until now, largely absent from the history of the American Communist movement. In Japanese and Chinese Immigrant Activists, Josephine Fowler brings us the first in-depth account of Japanese and Chinese immigrant radicalism inside the United States and across the Pacific. Drawing on multilingual correspondence between left-wing and party members and other primary sources, such as records from branches of the Japanese Workers Association and the Chinese Nationalist Party, Fowler shows how pressures from the Comintern for various sub-groups of the party to unite as an "American" working class were met with resistance. The book also challenges longstanding stereotypes about the relationships among the Communist Party in the United States, the Comintern, and the Soviet Party
=546  \\$aEnglish.
=588  \\$aDescription based on print version record.
=610  27$aKomintern.$2swd
=610  27$aCommunist Party of the United States of America.$2fast$0(OCoLC)fst00531336
=610  20$aCommunist Party of the United States of America$xHistory.
=650  \7$aEinwanderung$xInternationale (3.)$zUSA.$2idsbb
=650  \7$aInternationale$x(3.)$xEinwanderung$zUSA.$2idsbb
=650  \7$aInternationale$x(3.)$zOstasien.$2idsbb
=650  \7$aInternationale$x(3.)$xKommunistische Partei$zUSA.$2idsbb
=650  \7$aKommunistische Partei$xInternationale (3.)$zUSA.$2idsbb
=650  \7$aPolitisches Handeln$2gnd
=650  \7$aChinesischer Einwanderer$2gnd
=650  \7$aJapanischer Einwanderer$2gnd
=650  \7$aJapanese Americans$xPolitics and government.$2fast$0(OCoLC)fst00981473
=650  \7$aImmigrants$xPolitical activity.$2fast$0(OCoLC)fst00967762
=650  \7$aChinese Americans$xPolitics and government.$2fast$0(OCoLC)fst00857276
=650  \7$aHISTORY$vGeneral.$2bisacsh
=650  \7$aSOCIAL SCIENCE$xEthnic Studies$xAsian American Studies.$2bisacsh
=650  \7$aHISTORY$xGeneral.$2bisacsh
=650  \0$aImmigrants$xPolitical activity$zUnited States.
=650  \0$aChinese Americans$xPolitics and government.
=650  \0$aJapanese Americans$xPolitics and government.
=651  \7$aUSA.$2swd
=651  \7$aJapaner$zUSA$yGeschichte 20. Jh.$2idsbb
=651  \7$aChinesen$zUSA$yGeschichte 20. Jh.$2idsbb
=651  \7$aOstasien$2gnd
=651  \7$aUnited States.$2fast$0(OCoLC)fst01204155
=655  \7$aHistory.$2fast$0(OCoLC)fst01411628
=655  \7$aElectronic books. $2local
=710  2\$aProject Muse.$edistributor
=830  \0$aBook collections on Project MUSE.
=856  40$zFull text available: $uhttps://muse.jhu.edu/book/17679/
=945  \\$aProject MUSE - Archive Global Cultural Studies Supplement
=945  \\$aProject MUSE - Archive Complete Supplement

