=LDR  05706cam a22007934a 4500
=001  musev2_17686
=003  MdBmJHUP
=005  20241011064150.0
=006  m\\\\\o\\d\\\\\\\\
=007  cr||||||||nn|n
=008  061005s2006\\\\nju\\\\\o\\\\\\00\0\eng\d
=010  \\$z  2005019852
=020  \\$a9780813539270
=020  \\$z0813539277
=020  \\$z9780813538020
=035  \\$a(OCoLC)71842945
=040  \\$aMdBmJHUP$cMdBmJHUP
=245  00$aThinking About Dementia : $bCulture, Loss, and the Anthropology of Senility / $cedited by Annette Leibing, Lawrence Cohen.
=264  \1$aNew Brunswick, N.J. :$bRutgers University Press,$c2006.
=264  \3$aBaltimore, Md. :$bProject MUSE, $c2013
=264  \4$c©2006.
=300  \\$a1 online resource (312 pages): $billustrations
=336  \\$atext$btxt$2rdacontent
=337  \\$acomputer$bc$2rdamedia
=338  \\$aonline resource$bcr$2rdacarrier
=490  0\$aStudies in medical anthropology
=505  0\$aDementia-near-death and "life itself" / Sharon R. Kaufman -- The borderlands of primary care : physician and family perspectives on "troublesome" behaviors of people with dementia / Ladson Hinton [and others] -- Negotiating the moral status of trouble : the experiences of forgetful individuals diagnosed with no dementia / Andre P. Smith -- Diagnosing dementia : epidemiological and clinical data as cultural text / Janice E. Graham -- The biomedical deconstruction of senility and the persistent stigmatization of old age in the United States / Jesse F. Ballenger -- Genetic susceptibility and Alzheimer's disease : the penetrance and uptake of genetic knowledge / Margaret Lock, Stephanie Lloyd, and Janalyn Prest -- Coherence without facticity in dementia : the case of Mrs. Fine / Athena Helen McLean -- Creative storytelling and self-expression among people with dementia / Anne Davis Basting -- Embodied selfhood : an ethnographic exploration of Alzheimer's disease / Pia C. Kontos -- Normality and difference : institutional classification and the constitution of subjectivity in a Dutch nursing home / Roma Chatterji -- Divided gazes : Alzheimer's disease, the person within, and death in life / Annette Leibing -- Being a good rōjin : senility, power, and self-actualization in Japan / John W. Traphagan.
=506  0\$aOpen Access$fUnrestricted online access$2star
=520  \\$aCultural responses to most illnesses differ; dementia is no exception. These responses, together with a society's attitudes toward its elderly population, affect the frequency of dementia-related diagnoses and the nature of treatment. Bringing together essays by nineteen respected scholars, this unique volume approaches the subject from a variety of angles, exploring the historical, psychological, and philosophical implications of dementia. Based on solid ethnographic fieldwork, the essays employ a cross-cultural perspective and focus on questions of age, mind, voice, self, loss, temporality, memory, and affect. Taken together, the essays make four important and interrelated contributions to our understanding of the mental status of the elderly. First, cross-cultural data show the extent to which the aging process, while biologically influenced, is also very much culturally constructed. Second, detailed ethnographic reports raise questions about the behavioral criteria used by health care professionals and laymen for defining the elderly as demented. Third, case studies show how a diagnosis affects a patient's treatment in both clinical and familial settings.; Finally, the collection highlights the gap that separates current biological understandings of aging from its cultural meanings. As Alzheimer's disease and other forms of dementia continue to command an ever-increasing amount of attention in medicine and psychology, this book will be essential reading for anthropologists, social scientists, and health care professionals.
=588  \\$aDescription based on print version record.
=650  \7$aPublic health$xAnthropological aspects.$2fast$0(OCoLC)fst01082240
=650  \7$aMedical anthropology.$2fast$0(OCoLC)fst01013693
=650  \7$aDementia.$2fast$0(OCoLC)fst00890050
=650  \7$aAlzheimer's disease.$2fast$0(OCoLC)fst00806532
=650  \7$aMEDICAL$vGeneral.$2bisacsh
=650  \7$aSOCIAL SCIENCE$xAnthropology$xGeneral.$2bisacsh
=650  \7$aMEDICAL$xGeneral.$2bisacsh
=650  \7$aSOCIAL SCIENCE$xPopular Culture.$2bisacsh
=650  \7$aPOLITICAL SCIENCE$xPublic Policy$xCultural Policy.$2bisacsh
=650  \7$aSOCIAL SCIENCE$xAnthropology$xCultural.$2bisacsh
=650  \7$aelderly.$2aat
=650  \7$aanthropology.$2aat
=650  \6$aPersonnes âgees.
=650  \6$aAnthropologie.
=650  \6$aSante publique$xAspect anthropologique.
=650  \6$aMaladie d'Alzheimer.
=650  \6$aDemence.
=650  \2$aAged, 80 and over
=650  \2$aAlzheimer Disease
=650  \2$aDementia
=650  22$aClinical Medicine$xmethods
=650  22$aAlzheimer Disease$xpsychology
=650  22$aAged
=650  12$aDementia$xpsychology
=650  12$aAnthropology
=650  \0$aOlder people.
=650  \0$aAnthropology.
=650  \0$aPublic health$xAnthropological aspects.
=650  \0$aAlzheimer's disease.
=650  \0$aDementia.
=650  \0$aMedical anthropology.
=655  \7$aElectronic books. $2local
=700  1\$aCohen, Lawrence,$d1961-
=700  1\$aLeibing, Annette.
=710  2\$aProject Muse.$edistributor
=830  \0$aBook collections on Project MUSE.
=856  40$zFull text available: $uhttps://muse.jhu.edu/book/17686/
=945  \\$aProject MUSE - Archive Global Cultural Studies Supplement
=945  \\$aProject MUSE - Archive Complete Supplement

