=LDR  02140cam a22005174a 4500
=001  musev2_17800
=003  MdBmJHUP
=005  20241011064307.0
=006  m\\\\\o\\d\\\\\\\\
=007  cr||||||||nn|n
=008  120210s2012\\\\nju\\\\\o\\\\\\00\0\eng\d
=010  \\$z  2012005167
=020  \\$a9780813554082
=020  \\$z9780813554068
=020  \\$z0813554063
=020  \\$z081355408X
=035  \\$a(OCoLC)830023886
=040  \\$aMdBmJHUP$cMdBmJHUP
=043  \\$aa-ii---
=050  04$aHD8039.T642$bI44 2012
=082  0\$a331.3/18$223
=100  1\$aHuberman, Jennifer.
=245  10$aAmbivalent Encounters : $bChildhood, Tourism, and Social Change in Banaras, India / $cJenny Huberman.
=264  \1$aNew Brunswick, N.J. :$bRutgers University Press,$c2012.
=264  \3$aBaltimore, Md. :$bProject MUSE, $c2012
=264  \4$c©2012.
=300  \\$a1 online resource (264 pages).
=336  \\$atext$btxt$2rdacontent
=337  \\$acomputer$bc$2rdamedia
=338  \\$aonline resource$bcr$2rdacarrier
=490  0\$aRutgers series in childhood studies
=504  \\$aIncludes bibliographical references and index.
=505  0\$aChildren, tourists, and locals -- A tourist town -- Conceptions of children -- Girls and boys on the ghats -- Innocent children or little adults? -- The minds and hearts of children -- Conceptions of value -- Earning, spending, saving -- Something extra -- Money, gender, and the (im)morality of exchange -- Conclusion.
=506  0\$aOpen Access$fUnrestricted online access$2star
=588  \\$aDescription based on print version record.
=650  \0$aSocial interaction$zIndia$zVārānasi.
=650  \0$aTourists$zIndia$zVārānasi.
=650  \0$aTourism$zIndia$zVārānasi.
=650  \0$aChild labor$zIndia$zVārānasi.
=655  \7$aElectronic books. $2local
=710  2\$aProject Muse.$edistributor
=830  \0$aBook collections on Project MUSE.
=856  40$zFull text available: $uhttps://muse.jhu.edu/book/17800/
=945  \\$aProject MUSE - 2012 Complete
=945  \\$aProject MUSE - 2012 Global Cultural Studies
=945  \\$aProject MUSE - 2012 Asian and Pacific Studies

