=LDR  03687cam a22005054a 4500
=001  musev2_19561
=003  MdBmJHUP
=005  20241011070529.0
=006  m\\\\\o\\d\\\\\\\\
=007  cr||||||||nn|n
=008  100719s2010\\\\mau\\\\\o\\\\\\00\0\eng\d
=020  \\$a9780262266550
=020  \\$z9780262514613
=020  \\$z0262514613
=020  \\$z0262266555
=035  \\$a(OCoLC)835763279
=040  \\$aMdBmJHUP$cMdBmJHUP
=100  1\$aBooth, David,$d1945-
=245  10$aPeer Participation and Software : $bWhat Mozilla Has to Teach Government / $cDavid R. Booth.
=264  \1$aCambridge, Mass. :$bMIT Press,$c2010.
=264  \3$aBaltimore, Md. :$bProject MUSE, $c2013
=264  \4$c&copy;2010.
=300  \\$a1 online resource (112 pages).
=336  \\$atext$btxt$2rdacontent
=337  \\$acomputer$bc$2rdamedia
=338  \\$aonline resource$bcr$2rdacarrier
=490  0\$aThe John D. and Catherine T. MacArthur Foundation Reports on Digital Media and Learning
=505  0\$aIntroduction -- Open source -- Open source at Mozilla -- Licensing -- Beyond software -- What software has to teach government -- Notes.
=506  0\$aOpen Access$fUnrestricted online access$2star
=520  \\$aAn examination of Mozilla's unique approach to software development considers how this model of participation might be applied to political and civic engagement.Firefox, a free Web browser developed by the Mozilla Foundation, is used by an estimated 270 million people worldwide. To maintain and improve the Firefox browser, Mozilla depends not only on its team of professional programmers and managers but also on a network of volunteer technologists and enthusiasts--free/libre and open source software (FLOSS) developers--who contribute their expertise. This kind of peer production is unique, not only for its vast scale but also for its combination of structured, hierarchical management with open, collaborative volunteer participation. In this MacArthur Foundation Report, David Booth examines the Mozilla Foundation's success at organizing large-scale participation in the development of its software and considers whether Mozilla's approach can be transferred to government and civil society. Booth finds parallels between Mozilla's collaboration with Firefox users and the Obama administration's philosophy of participatory governance (which itself amplifies the much older Jeffersonian ideal of democratic participation). Mozilla's success at engendering part-time, volunteer participation that produces real marketplace innovation suggests strategies for organizing civic participation in communities and government. Mozilla's model could not only show us how to encourage the technical community to participate in civic life but also teach us something about how to create successful political democracy.
=588  \\$aDescription based on print version record.
=630  07$aNetscape Mozilla.$2fast$0(OCoLC)fst01392356
=630  00$aNetscape Mozilla.
=650  \7$aDigital media$xSocial aspects.$2fast$0(OCoLC)fst01766776
=650  \7$aComputer software$xDevelopment$xSocial aspects.$2fast$0(OCoLC)fst00872557
=650  \7$aSOCIAL SCIENCE$xMedia Studies.$2bisacsh
=650  \6$aMedias numeriques$xAspect social.
=650  \0$aDigital media$xSocial aspects.
=650  \0$aComputer software$xDevelopment$xSocial aspects.
=655  \7$aElectronic books. $2local
=710  2\$aProject Muse.$edistributor
=830  \0$aBook collections on Project MUSE.
=856  40$zFull text available: $uhttps://muse.jhu.edu/book/19561/
=945  \\$aProject MUSE - Archive Complete Supplement
=945  \\$aProject MUSE - Archive Political Science and Policy Studies Supplement

