=LDR  03793cam a22005174a 4500
=001  musev2_19598
=003  MdBmJHUP
=005  20241011070553.0
=006  m\\\\\o\\d\\\\\\\\
=007  cr||||||||nn|n
=008  160329t20122012nhu\\\\\o\\\\\\00\0\eng\d
=020  \\$a9781611683332
=020  \\$z9781611683325
=020  \\$z1611683327
=020  \\$z1611683335
=035  \\$a(OCoLC)818317941
=040  \\$aMdBmJHUP$cMdBmJHUP
=100  1\$aWright, James Edward,$d1939-2022,$eauthor.
=245  10$aForever New : $bThe Speeches of James Wright, President of Dartmouth College, 1998-2009 / $cedited by Sheila Culbert.
=264  \1$aHanover, N.H. :$bDartmouth College Press,$c[2012]
=264  \3$aBaltimore, Md. :$bProject MUSE, $c2013
=264  \4$c&copy;[2012]
=300  \\$a1 online resource (276 pages): $billustrations
=336  \\$atext$btxt$2rdacontent
=337  \\$acomputer$bc$2rdamedia
=338  \\$aonline resource$bcr$2rdacarrier
=505  0\$aTitle Page; Contents; Acknowledgments; IntroductIon; Part I: Appointment as President of Dartmouth College; Remarks Following the Announcement by the Board of Trustees, April 6, 1998; Dartmouth: Forever New, September 23, 1998; Part II: Convocation Addresses, 1999-2008; September 21, 1999; September 19, 2000; September 24, 2001; September 24, 2002; September 23, 2003; September 21, 2004; September 20, 2005; September 19, 2006; September 25, 2007; September 23, 2008; Part III: Selected Speeches on Various Topics, 1999-2009; Address to First-Year Students, September 15, 1999
=505  0\$aReport to the General Faculty, October 18, 1999Class of 1950 Reunion Luncheon, June 10, 2000; Libraries in the Cyber Age, July 12, 2000; Growing and Preserving: A Mutual Challenge, November 6, 2000; Address Delivered at Beijing Normal University, October 10, 2002; Remarks to the Alumni Council, May 2, 2003; Unleashed: Mobile Computing Conference, October 8, 2003; Remarks to Class Officers, September 16, 2004; Remarks in Memory of David T. McLaughlin '55 tu '55, President Emeritus of the College, October 4, 2004; The Leslie Conference of the Future of the Liberal Arts, November 6, 2004
=505  0\$aDartmouth Lawyers Association, October 11, 2003Remarks at the Memorial Service for James O. Freedman, Fifteenth President of Dartmouth College, May 15, 2006; Athletics and Life: Essay for the Class of 1964, on its Fiftieth Reunion, 2007; Honoring Veterans, October 6, 2007; Eleventh Annual Report to the General Faculty, October 27, 2008; The Yellow Ribbon Program and Private Colleges, February 2, 2009; Veterans Day at the Vietnam Memorial Wall, Washington, D.C., November 11, 2009; Part IV: Commencement Addresses, 1999-2009; June 13, 1999; June 11, 2000; June 10, 2001; June 9, 2002
=505  0\$aJune 8, 2003June 13, 2004; June 12, 2005; June 11, 2006; June 10, 2007; June 8, 2008; June 14, 2009; Part V: Farewell; Letter to the Dartmouth Community, June 29, 2009; A Welcome to the Wheelock Succession, September 22, 2009
=506  0\$aOpen Access$fUnrestricted online access$2star
=520  \\$aThe collected speeches of Dartmouth's sixteenth president.
=546  \\$aEnglish.
=588  \\$aDescription based on print version record.
=610  27$aDartmouth College.$2fast$0(OCoLC)fst00534760
=610  20$aDartmouth College$xPresidents.
=650  \7$aPresidents.$2fast$0(OCoLC)fst01075723
=650  \7$aEDUCATION$xHigher.$2bisacsh
=650  \0$aCollege orations$xDartmouth College.
=655  \7$aElectronic books. $2local
=700  1\$aCulbert, Sheila.
=710  2\$aProject Muse.$edistributor
=830  \0$aBook collections on Project MUSE.
=856  40$zFull text available: $uhttps://muse.jhu.edu/book/19598/
=945  \\$aProject MUSE - 2013 Higher Education
=945  \\$aProject MUSE - 2013 Complete

