=LDR  02362cam a22004814a 4500
=001  musev2_20816
=003  MdBmJHUP
=005  20241011072026.0
=006  m\\\\\o\\d\\\\\\\\
=007  cr||||||||nn|n
=008  091106s2010\\\\nhu\\\\\o\\\\\\00\0\eng\d
=010  \\$z  2009047233
=020  \\$a9781584659075
=020  \\$z1584658444
=020  \\$z9781584658443
=020  \\$z1584659076
=035  \\$a(OCoLC)657205615
=040  \\$aMdBmJHUP$cMdBmJHUP
=043  \\$an-us---$an-us-nh
=050  04$aE97.65.N4$bC35 2010
=082  0\$a378.1/9829970742$222
=100  1\$aCalloway, Colin G.$q(Colin Gordon),$d1953-
=245  14$aThe Indian History of an American Institution : $bNative Americans and Dartmouth / $cColin G. Calloway.
=264  \1$aHanover, N.H. :$bUniversity Press of New England,$c2010.
=264  \3$aBaltimore, Md. :$bProject MUSE, $c2014
=264  \4$c&copy;2010.
=300  \\$a1 online resource (280 pages): $bill. ;
=336  \\$atext$btxt$2rdacontent
=337  \\$acomputer$bc$2rdamedia
=338  \\$aonline resource$bcr$2rdacarrier
=504  \\$aIncludes bibliographical references and index.
=505  0\$aIntroduction : a school in the heart of the Indian country -- Eleazar Wheelock and the Indian Charity School, 1743-69 -- Samson Occom and the Indian money, 1765-75 -- Dartmouth, Indians, and the American Revolution, 1775-1800 -- Dartmouth men in Indian country, 1775-1820 -- Dartmouth in the age of Indian removal, 1820-50 -- Students from Indian territory, 1850-85 -- Charles Eastman, 1858-1939 -- Indian symbols and some Indian students, 1900-1969 -- The return of the Natives, 1970-2010 -- Conclusion : Eleazar Wheelock meets Luther Standing Bear.
=506  0\$aOpen Access$fUnrestricted online access$2star
=588  \\$aDescription based on print version record.
=650  \0$aIndians of North America$xEducation (Higher)$zNew Hampshire$zHanover$xHistory.
=610  20$aDartmouth College$xHistory.
=655  \7$aElectronic books. $2local
=710  2\$aProject Muse.$edistributor
=830  \0$aBook collections on Project MUSE.
=856  40$zFull text available: $uhttps://muse.jhu.edu/book/20816/
=945  \\$aProject MUSE - Archive Complete Supplement II
=945  \\$aProject MUSE - Archive Higher Education Supplement II
=945  \\$aProject MUSE - Archive Native American and Indigenous Studies Supplement

