=LDR  04414cam a22007214a 4500
=001  musev2_19777
=003  MdBmJHUP
=005  20241011070758.0
=006  m\\\\\o\\d\\\\\\\\
=007  cr||||||||nn|n
=008  120117s2012\\\\mau\\\\\o\\\\\\00\0\eng\d
=010  \\$z  2011031273
=020  \\$a9780262298919
=020  \\$z0262016788
=020  \\$z0262298910
=020  \\$z9780262016780
=035  \\$a(OCoLC)771915958
=040  \\$aMdBmJHUP$cMdBmJHUP
=245  00$aAccess Contested : $bSecurity, Identity, and Resistance in Asian Cyberspace / $cedited by Ronald Deibert [and 3 others].
=264  \1$aCambridge, MA :$bMIT Press,$c2012.
=264  \3$aBaltimore, Md. :$bProject MUSE, $c2013
=264  \4$c©2012.
=300  \\$a1 online resource (432 pages): $billustrations.
=336  \\$atext$btxt$2rdacontent
=337  \\$acomputer$bc$2rdamedia
=338  \\$aonline resource$bcr$2rdacarrier
=490  0\$aInformation revolution and global politics
=505  0\$aPart I Access contested: Theory and analysis. Access contested: toward the fourth phase of cyberspace controls / Ronald Deibert [and others] ; Contesting cyberspace and the coming crisis of authority / Ronald Deibert, Rafal Rohozinski ; The struggle for digital freedom of speech: the Malaysian sociopolitical biogosphere's experience / Vee Vian Thien ; Sexing the Internet: censorship, surveillance, and the body politic(s) of Malaysia / Heike Jensen [and others] ; Internet politics in Thailand after the 2006 coup: regulation by code and a contested ideological terrain / Pirongrong Ramasoota ; Competing values regarding Internet use in "free" Philippine social institutions / Erwin A. Alampay, Joselito C. Olpoc, Regina M. Hechanova ; Interconnected contests: distributed denial of service attacks and other digital control measures in Asia / Hal Roberts, Ethan Zuckerman, John Palfrey ; Control and resistance: attacks on Burmese opposition media / Nart Villeneuve, Masashi Crete-Nishihata ; China and Global Internet governance: a tiger by the tail / Milton L. Mueller ; Corporate accountability in networked Asia / Rebecca MacKinnonn -- Part II Country profiles and regional overview. Introduction to the country profiles. Asia overview ; Bangladesh ; Burma ; China ; India ; Indonesia ; Malaysia ; Pakistan ; South Korea ; Thailand ; Vietnam.
=506  0\$aOpen Access$fUnrestricted online access$2star
=520  8\$aThis volume examines the interplay of national security, social and ethnic identity, and resistance in Asian cyberspace offering in-depth accounts of national struggles against Internet controls as well as updated country reports by ONI researchers.
=588  \\$aDescription based on print version record.
=650  \7$aZensur$2gnd
=650  \7$aInternet$2gnd
=650  \7$aInternet$xGovernment policy.$2fast$0(OCoLC)fst00977191
=650  \7$aInternet$xCensorship.$2fast$0(OCoLC)fst00977185
=650  \7$aCyberspace$xGovernment policy.$2fast$0(OCoLC)fst00885796
=650  \7$aComputers$xAccess control.$2fast$0(OCoLC)fst00872779
=650  \7$aComputer security.$2fast$0(OCoLC)fst00872484
=650  \7$aCOMPUTERS$xInternet$xSecurity.$2bisacsh
=650  \7$aCOMPUTERS$xInformation Technology.$2bisacsh
=650  \6$aCyberespace$xPolitique gouvernementale$zAsie du Sud-Est.
=650  \6$aInternet$xCensure$zAsie.
=650  \6$aInternet$xPolitique gouvernementale$zAsie.
=650  \6$aOrdinateurs$xAcces$xContrôle$zAsie.
=650  \6$aSecurite informatique$zAsie.
=650  \6$aCyberespace$xPolitique gouvernementale$zAsie.
=650  \0$aCyberspace$xGovernment policy$zSoutheast Asia.
=650  \0$aInternet$xCensorship$zAsia.
=650  \0$aInternet$xGovernment policy$zAsia.
=650  \0$aComputers$xAccess control$zAsia.
=650  \0$aComputer security$zAsia.
=650  \0$aCyberspace$xGovernment policy$zAsia.
=651  \7$aAsien$2gnd
=651  \7$aAsia.$2fast$0(OCoLC)fst01240495
=651  \7$aSoutheast Asia.$2fast$0(OCoLC)fst01240499
=655  \7$aElectronic books. $2local
=700  1\$aDeibert, Ronald,$eeditor.
=710  2\$aProject Muse.$edistributor
=830  \0$aBook collections on Project MUSE.
=856  40$zFull text available: $uhttps://muse.jhu.edu/book/19777/
=945  \\$aProject MUSE - 2011 Complete Supplement
=945  \\$aProject MUSE - 2011 Global Cultural Studies Supplement
=945  \\$aProject MUSE - 2011 Asian and Pacific Studies

