=LDR  01199cam a22003614a 4500
=001  musev2_20565
=003  MdBmJHUP
=005  20241011071720.0
=006  m\\\\\o\\d\\\\\\\\
=007  cr||||||||nn|n
=008  220902s2012\\\\xx\\\\\\o\\\\\\00\0\eng\d
=020  \\$a9781421428451
=020  \\$z9781421407227
=020  \\$z9781421408002
=035  \\$a(OCoLC)823896934
=040  \\$aMdBmJHUP$cMdBmJHUP
=100  1\$aMyers, Anne M.
=245  10$aLiterature and Architecture in Early Modern England / 
=264  \1$bJohns Hopkins University Press,$c2012
=264  \3$aBaltimore, Md. :$bProject MUSE, $c2013
=264  \4$c&copy;2012
=300  \\$a1 online resource (272 pages).
=336  \\$atext$btxt$2rdacontent
=337  \\$acomputer$bc$2rdamedia
=338  \\$aonline resource$bcr$2rdacarrier
=506  0\$aOpen Access$fUnrestricted online access$2star
=588  \\$aDescription based on print version record.
=655  \7$aElectronic books. $2local
=710  2\$aProject Muse.$edistributor
=830  \0$aBook collections on Project MUSE.
=856  40$zFull text available: $uhttps://muse.jhu.edu/book/20565/
=945  \\$aProject MUSE - 2013 Literature
=945  \\$aProject MUSE - 2013 Complete

