=LDR  06362cam a22008654a 4500
=001  musev2_20786
=003  MdBmJHUP
=005  20241011071954.0
=006  m\\\\\o\\d\\\\\\\\
=007  cr||||||||nn|n
=008  130503s2012\\\\onc\\\\\o\\\\\\00\0\eng\d
=020  \\$a9780776619774
=020  \\$z9780776630441
=035  \\$a(OCoLC)864844762
=040  \\$aMdBmJHUP$cMdBmJHUP
=245  00$aSexual Assault in Canada : $bLaw, Legal Practice and Women's Activism / $cElizabeth A. Sheehy, editor.
=264  \1$aOttawa :$bUniversity of Ottawa Press,$c2012.
=264  \3$aBaltimore, Md. :$bProject MUSE, $c2012
=264  \4$c©2012.
=300  \\$a1 online resource (836 pages): $billustrations (chiefly color)
=336  \\$atext$btxt$2rdacontent
=337  \\$acomputer$bc$2rdamedia
=338  \\$aonline resource$bcr$2rdacarrier
=505  0\$aForeword. Still punished for being female / Claire L'Heureux-Dube -- Introduction / Elizabeth A. Sheehy -- part 1. The victories of Jane Doe / Elizabeth A. Sheehy Appendix A. Amended statement of claim : Jane Doe versus Board of Commissioners of Police -- Jane Doe versus Toronto Commissioners of Police : a view from the bar / Sean Dewart -- New Zealand's Jane Doe / Julia Tolmie -- Hockey Night in Canada / Laura Robinson -- Indigenous women and sexual assault in Canada / Tracey Lindberg, Priscilla Campeau, and Maria Campbell -- Legal subversion of the criminal justice process? Judicial, prosecutorial, and police discretion in Edmondson, Kindrat and Brown / Lucinda Vandervort -- The Supreme Court of Canada's betrayal of residential school survivors : ignorance is no excuse / Sheila McIntyre -- Sexual assault and disabled women ten years after Jane Doe / Fran Odette -- Police investigation of sexual assault complaints : how far have we come since Jane Doe? / Teresa DuBois -- Striking back : the viability of a civil action against the police for the "wrongful unfounding" of reported rapes / A. Blair Crew -- Appendix B. Reported sexual assaults and criminal offences and unfounding rates reported by Ontario police forces, 2003-2007 -- Third-wave anti-rape activism on neoliberal terrain : the Garneau sisterhood / Lise Gotell -- Sisterhood will get ya : anti-rape activism and the criminal justice system / Meagan Johnston -- Where has all the anger gone? / Diana Yaros -- Vitreous fragility : re-imagining women through art / Shary Boyle -- The Jane Doe coffee table book about rape : reflections on rebellious writing and teaching / Gillian Calder and Rebecca Johnson.
=505  0\$apart 2. Who benefits from the sexual assault evidence kit? / Jane Doe -- Perpetuating, and resisting, rape myths in trial discourse / Susan Ehrlich -- Questioning "expert" knowledges / Sunny Marriner -- Zero tolerance some of the time? Doctors and sexual abuse in Ontario / Sanda Rodgers -- Judges and the reasonable steps requirement : the judicial stance on perpetration against unconscious women / Elizabeth A. Sheehy -- An equality-oriented approach to the admissibility of similar fact evidence in sexual assault prosecutions / David M. Tanovich -- Raising the age of sexual consent : renewing legal moralism? / Julie Desrosiers -- What's in a face? Demeanour evidence in the sexual assault context / Natasha Bakht -- Limits of a criminal justice response : trends in police and court processing of sexual assault / Holly Johnson -- HIV exposure as assault : Progressive development or misplaced focus? / Alison Symington -- All that glitters is not gold : the false promise of victim impact statements / Rakhi Ruparelia -- Confronting restorative justice in neo-liberal times : legal and rape narratives in conditional sentencing / Gillian Balfour and Janice Du Mont -- A feminist remedy for sexual assault : a quest for answers / Constance Backhouse.
=506  0\$aOpen Access$fUnrestricted online access$2star
=520  \\$aA challenging look at the state of sexual assault law, legal practice and activism in Canada.
=546  \\$aEnglish.
=588  \\$aDescription based on print version record.
=600  11$aDoe, Jane.
=600  10$aDoe, Jane.
=650  \7$aWomen$xCrimes against.$2fast$0(OCoLC)fst01176618
=650  \7$aSexual abuse victims$xLegal status, laws, etc.$2fast$0(OCoLC)fst01114786
=650  \7$aSex crimes$xInvestigation.$2fast$0(OCoLC)fst01114280
=650  \7$aSex crimes.$2fast$0(OCoLC)fst01114275
=650  \7$aRape.$2fast$0(OCoLC)fst01089970
=650  \7$aFeminism.$2fast$0(OCoLC)fst00922671
=650  \7$aCriminal justice, Administration of.$2fast$0(OCoLC)fst00883246
=650  \7$aLAW$xGender & the Law.$2bisacsh
=650  \7$aThe Americas.$2bicssc
=650  \7$aSociety and social sciences Society and social sciences.$2bicssc
=650  \7$aSociety and culture: general.$2bicssc
=650  \7$aSocial groups.$2bicssc
=650  \7$aNorth America.$2bicssc
=650  \7$aLaw.$2bicssc
=650  \7$aLaw and society.$2bicssc
=650  \7$aJurisprudence and general issues.$2bicssc
=650  \7$aGender studies: women.$2bicssc
=650  \7$aGender studies, gender groups.$2bicssc
=650  \7$aGender and the law.$2bicssc
=650  \7$aCanada.$2bicssc
=650  \6$aFeminisme$zCanada.
=650  \6$aCrimes sexuels$xEnquêtes$zCanada.
=650  \6$aCrimes sexuels$zCanada.
=650  \6$aFemmes$xCrimes contre$zCanada.
=650  \6$aJustice penale$xAdministration$zCanada.
=650  \0$aFeminism$zCanada.
=650  \0$aSex crimes$xInvestigation$zCanada.
=650  \0$aRape$zCanada.
=650  \0$aSex crimes$zCanada.
=650  \0$aWomen$xCrimes against$zCanada.
=650  \0$aCriminal justice, Administration of$zCanada.
=650  \0$aSexual abuse victims$xLegal status, laws, etc.$zCanada.
=651  \7$aCanada.$2fast$0(OCoLC)fst01204310
=655  \7$aRecueils de jurisprudence et d'opinions.$2rvmgf
=655  \7$aCourt decisions and opinions.$2lcgft
=655  \7$aCourt decisions and opinions.$2fast$0(OCoLC)fst01774257
=655  \7$aElectronic books. $2local
=700  1\$aSheehy, Elizabeth A.
=710  2\$aEBOUND Canada,$emanufacturer.
=710  2\$aProject Muse.$edistributor
=830  \0$aBook collections on Project MUSE.
=856  40$zFull text available: $uhttps://muse.jhu.edu/book/20786/
=945  \\$aProject MUSE - 2012 Complete
=945  \\$aProject MUSE - 2012 Political Science and Policy Studies

