=LDR  03248cam a22006134a 4500
=001  musev2_20822
=003  MdBmJHUP
=005  20241011072031.0
=006  m\\\\\o\\d\\\\\\\\
=007  cr||||||||nn|n
=008  121227s2012\\\\le\\\\\\o\\\\\\00\0\eng\d
=020  \\$a9781611683707
=020  \\$z161168370X
=020  \\$z9781611683424
=035  \\$a(OCoLC)841033861
=040  \\$aMdBmJHUP$cMdBmJHUP
=100  1\$aBove, Paul A.,$d1949-
=245  12$aA More Conservative Place : $bIntellectual Culture in the Bush Era  / $cPaul A. Bove.
=264  \1$aLebanon :$bDartmouth College Press,$c2012.
=264  \3$aBaltimore, Md. :$bProject MUSE, $c2013
=264  \4$c©2012.
=300  \\$a1 online resource.
=336  \\$atext$btxt$2rdacontent
=337  \\$acomputer$bc$2rdamedia
=338  \\$aonline resource$bcr$2rdacarrier
=490  0\$aRe-Mapping the Transnational: A Dartmouth Series in American Studies
=505  0\$aA retrospective introduction -- American universalism and its democracy -- Area studies revisited -- The American state allegorizes the ruins -- Can American studies be "area studies"? -- Critical poetics: American resources for theorizing America -- Curiosity in the education of Henry Adams -- Can we judge the humanities by their future as a course of study? -- Humanities and the changing role of worldly engagement -- Rights discourse in the age of U.S.-China trade -- Historical humanist, American style -- The ineluctability of American empire -- The intellectual as a contemporary phenomenon -- The end of thinking: intellectual failure in the new world order -- Why the neocons hate Henry Adams.
=506  0\$aOpen Access$fUnrestricted online access$2star
=520  \\$aAn intervention toward understanding the recent dark political and intellectual days.
=588  \\$aDescription based on print version record.
=600  17$aBush, George W.$q(George Walker),$d1946-$2fast$0(OCoLC)fst00363849
=600  10$aBush, George W.$q(George Walker),$d1946-$xInfluence.
=651  \7$aUnited States.$2fast$0(OCoLC)fst01204155
=651  \6$aÉtats-Unis$xVie intellectuelle$y21e siecle.
=651  \0$aUnited States$xHistory$xStudy and teaching.
=651  \0$aUnited States$xIntellectual life$y21st century.
=650  \7$aUnited States - General.$2hilcc
=650  \7$aHistory & Archaeology.$2hilcc
=650  \7$aRegions & Countries - Americas.$2hilcc
=650  \7$aEducation.$2fast$0(OCoLC)fst00902499
=650  \7$aIntellectual life.$2fast$0(OCoLC)fst00975769
=650  \7$aInfluence (Literary, artistic, etc.)$2fast$0(OCoLC)fst00972484
=650  \7$aHISTORY$zUnited States$y21st Century.$2bisacsh
=650  \4$aUnited States -- Study and teaching -- Political aspects.
=650  \4$aUnited States -- Intellectual life -- 21st century.
=650  \4$aBush, George W. (George Walker), 1946- -- Influence.
=655  \7$aHistory.$2fast$0(OCoLC)fst01411628
=655  \7$aElectronic books. $2local
=710  2\$aProject Muse.$edistributor
=830  \0$aBook collections on Project MUSE.
=856  40$zFull text available: $uhttps://muse.jhu.edu/book/20822/
=945  \\$aProject MUSE - 2013 History
=945  \\$aProject MUSE - 2013 American Studies
=945  \\$aProject MUSE - 2013 Complete

