=LDR  03845cam a22006134a 4500
=001  musev2_21150
=003  MdBmJHUP
=005  20241011072417.0
=006  m\\\\\o\\d\\\\\\\\
=007  cr||||||||nn|n
=008  020412r20021958miu\\\\\o\\\\\\00\0\eng\d
=010  \\$z  2002069138
=020  \\$a9780814335871
=020  \\$z081433587X
=020  \\$z9780814343968
=035  \\$a(OCoLC)849944362
=040  \\$aMdBmJHUP$cMdBmJHUP
=100  1\$aBarnard, Harry,$d1906-1982.
=245  10$aIndependent Man : $bThe Life of Senator James Couzens / $cby Harry Barnard.
=264  \1$aDetroit, MI :$bWayne State University Press,$c2002.
=264  \3$aBaltimore, Md. :$bProject MUSE, $c2013
=264  \4$c©2002.
=300  \\$a1 online resource (408 pages).
=336  \\$atext$btxt$2rdacontent
=337  \\$acomputer$bc$2rdamedia
=338  \\$aonline resource$bcr$2rdacarrier
=490  0\$aGreat Lakes books
=500  \\$aOriginally published: New York : Scribners, 1958.
=505  0\$aPrologue: October 12, 1915 -- Book I: The Money-Making Machine -- 1. The Beginning -- 2. The Canadian Boy -- 3. The Money-Making Machine, I -- 4. The New Detroiter -- 5. The Coal Clerk -- 6. The Family Man -- 7. The Ford Motor Company -- 8. The Business Manager -- 9. The Cloud -- 10. The Realignment -- 11. The Money-Making Machine, II -- 12. The Crisis -- 13. The Five-Dollar-A-Day Plan -- 14. The Final Break -- Book II: The New Public Man -- 15. The Job-Seeker Again -- 16. The Police Commissioner -- 17. The Odd Candidate -- 18. The Strong Mayor -- 19. The People's Man -- 20. The Battle For M.O. -- 21. The Damnable Outrage -- 22. The Reward -- Book III: The Senator -- 23. The One-Man Bloc -- 24. The Plain-Speaking Statesman -- 25. The Millionaires' War -- 26. The La Folletteite! -- 27. The Critic of Coolidge -- 28. The Restless Statesman -- 29. The Magnificent Gift -- 30. The Dangerous Man -- 31. The Crusader Again -- 32. The End of an Era -- Book IV: The Independent Man -- 33. The Bank Crisis -- 34. The White House Conference -- 35. The Climax -- 36. A Hell of a Mess -- 37. The Mission That Failed -- 38. The New Deal Onlooker -- 39. The Investigator Again -- The Delegate To London -- 41. The Smear -- 42. The New Deal Republican -- 43. The Unbowed Head -- 44. The Political Dilemma -- 45. The Independent Man -- 46. The Triumphant Defeat -- 47. The End of the Road.
=506  0\$aOpen Access$fUnrestricted online access$2star
=588  \\$aDescription based on print version record.
=600  17$aCouzens, James,$d1872-1936.$2fast$0(OCoLC)fst00180995
=600  11$aCouzens, James,$d1872-1936.
=600  10$aCouzens, James,$d1872-1936.
=610  17$aUnited States.$bCongress.$bSenate.$2fast$0(OCoLC)fst00530422
=610  16$aÉtats-Unis.$bCongress.$bSenate$vBiographies.
=610  10$aUnited States.$bCongress.$bSenate$vBiography.
=650  \7$aPolitics and government$2fast$0(OCoLC)fst01919741
=650  \7$aLegislators.$2fast$0(OCoLC)fst00995828
=650  \7$aPOLITICAL SCIENCE$xGovernment$xLegislative Branch.$2bisacsh
=650  \7$aBIOGRAPHY & AUTOBIOGRAPHY$xPolitical.$2bisacsh
=650  \6$aParlementaires$zÉtats-Unis$vBiographies.
=650  \0$aLegislators$zUnited States$vBiography.
=651  \7$aUnited States.$2fast$0(OCoLC)fst01204155
=651  \7$aMichigan.$2fast$0(OCoLC)fst01208387
=651  \6$aMichigan$xPolitique et gouvernement$y1837-1950.
=651  \0$aMichigan$xPolitics and government$y1837-1950.
=655  \7$aBiographies.$2fast$0(OCoLC)fst01919896
=655  \7$aElectronic books. $2local
=710  2\$aProject Muse.$edistributor
=830  \0$aBook collections on Project MUSE.
=856  40$zFull text available: $uhttps://muse.jhu.edu/book/21150/
=945  \\$aProject MUSE - Archive Complete Supplement
=945  \\$aProject MUSE - Archive US Regional Studies, Midwest Supplement

