=LDR  04525cam a22006014a 4500
=001  musev2_21395
=003  MdBmJHUP
=005  20241011072735.0
=006  m\\\\\o\\d\\\\\\\\
=007  cr||||||||nn|n
=008  121210s2012\\\\miu\\\\\o\\\\\\00\0\eng\d
=010  \\$z  2012464467
=020  \\$a9780472900282
=020  \\$z9780472029174
=020  \\$z9780472035212
=035  \\$a(OCoLC)823739025
=040  \\$aMdBmJHUP$cMdBmJHUP
=100  1\$aHerscher, Andrew,$d1961-$eauthor.
=245  14$aThe Unreal Estate Guide to Detroit / $cAndrew Herscher.
=264  \1$aAnn Arbor :$bUniversity of Michigan Press,$c2012
=264  \3$aBaltimore, Md. :$bProject MUSE, $c2013
=264  \4$c&copy;2012
=300  \\$a1 online resource (312 pages): $billustrations
=336  \\$atext$btxt$2rdacontent
=337  \\$acomputer$bc$2rdamedia
=338  \\$aonline resource$bcr$2rdacarrier
=505  00$tUnreal Estate : An Introduction --$tUnprofessional Practices --$tRuin Harvest --$tDetroit Demolition Disneyland --$tFireBreak --$tSalvaged Landscape --$tFood Infill --$tEarthworks Urban Farm --$tD-Town Farm --$tGeorgia Street Community Garden --$tBrightmoor Farmway --$tPeaches and Greens --$tField of Our Dreams --$tMunicipal Therapy --$tMotor City Blight Busters --$tGreening of Detroit --$tHope District --$tNavin Field Grounds Crew --$tDetroit Mower Gang --$tFurtive Inhabitation --$tDetroit Blues --$tHookie Monsters --$tUrban Yoga Lab --$tSeed Detroit --$tUnwarranted Techniques --$tFeral Research --$tDetroit Geographical Expedition --$tPink Pony Express --$tWaste Curation --$tTree of Heaven Woodshop --$tArchitectural Salvage Warehouse --$tFriends of Gorgeous Berries --$tPublic Secrecy --$tHygienic Dress League --$tSecret Pizza Party --$tTrtl --$tRadical Hospitality --$tBoggs Center --$tCatherine Ferguson Academy --$tBlock Clubbing --$tUnsanctioned Collectives --$tTemporary Communities --$tDally in the Alley --$tTheatre Bizarre --$tDetroit Guerrilla Queer Bar --$tJohn's Carpet House --$tTashmoo Biergarten --$tDo-It-Yourself-Then-Together --$tUFO Factory --$tYes Farm --$tMicropolitanism --$tFarnsworth Street --$tFourth Street --$tTrumbullplex --$tUrban Toeholds --$tCenter for Creative eXchange --$tFilter Detroit --$tEgo Circus --$tUnsolicited Constructions --$tAccidental Architecture --$tMichigan Building Parking Garage --$tPeacemakers International --$tBlotting --$tExtreme Housework --$tDetroit Industrial Gallery --$tFull Scale Design Lab --$tPower House --$tScavenged Space --$tAlley Culture --$tGrafikjam Alleys --$tThe Lot --$tSubmerge --$tContemporary Art Institute of Detroit --$tPatrimony of the Unlost --$tHamtramck Disneyland --$tCar Wash Cafe --$tAfrican Bead Museum --$tHeidelberg Project.
=506  0\$aOpen Access$fUnrestricted online access$2star
=520  \\$aThe Detroit Unreal Estate Agency was founded in 2008 as an open-access platform for research on urban crisis, using Detroit as a focal point. Against the apprehension of Detroit as a problem that needs to be solved, the Agency has regarded Detroit as a site where new ways of imagining, inhabiting and constructing the contemporary city are being invented, tested and advanced.
=588  \\$aDescription based on print version record.
=650  \7$aUrban policy.$2fast$0(OCoLC)fst01162489
=650  \7$aSocial policy.$2fast$0(OCoLC)fst01122738
=650  \7$aReal estate business.$2fast$0(OCoLC)fst01090898
=650  \7$aCity planning.$2fast$0(OCoLC)fst00862177
=650  \7$aARCHITECTURE$xGeneral.$2bisacsh
=650  \7$aHISTORY$zUnited States$xState & Local$xMidwest (IA, IL, IN, KS, MI, MN, MO, ND, NE, OH, SD, WI)$2bisacsh
=650  \7$aHISTORY$zUnited States$xState & Local$xGeneral.$2bisacsh
=650  \7$aArchitecture.$2bicssc
=650  \7$aArchitectural structure & design.$2bicssc
=650  \6$aImmobilier$zMichigan$zDetroit.
=650  \6$aPolitique urbaine$zMichigan$zDetroit.
=650  \0$aReal estate business$zMichigan$zDetroit.
=650  \0$aUrban policy$zMichigan$zDetroit.
=650  \0$aCity planning$zMichigan$zDetroit.
=651  \7$aMichigan$zDetroit.$2fast$0(OCoLC)fst01205010
=651  \0$aDetroit (Mich.)$xSocial policy.
=655  \7$aPictorial works.$2fast$0(OCoLC)fst01423874
=655  \7$aElectronic books. $2local
=710  2\$aProject Muse.$edistributor
=830  \0$aBook collections on Project MUSE.
=856  40$zFull text available: $uhttps://muse.jhu.edu/book/21395/
=945  \\$aProject MUSE - 2013 US Regional Studies, Midwest
=945  \\$aProject MUSE - 2013 Complete

