=LDR  01218cam a22003614a 4500
=001  musev2_21982
=003  MdBmJHUP
=005  20241011073501.0
=006  m\\\\\o\\d\\\\\\\\
=007  cr||||||||nn|n
=008  220902s2013\\\\xx\\\\\\o\\\\\\00\0\eng\d
=020  \\$a9781421428468
=020  \\$z9781421408422
=020  \\$z9781421408897
=035  \\$a(OCoLC)834604125
=040  \\$aMdBmJHUP$cMdBmJHUP
=100  1\$aBackscheider, Paula R.
=245  10$aElizabeth Singer Rowe and the Development of the English Novel / 
=264  \1$bJohns Hopkins University Press,$c2013
=264  \3$aBaltimore, Md. :$bProject MUSE, $c2013
=264  \4$c&copy;2013
=300  \\$a1 online resource (320 pages).
=336  \\$atext$btxt$2rdacontent
=337  \\$acomputer$bc$2rdamedia
=338  \\$aonline resource$bcr$2rdacarrier
=506  0\$aOpen Access$fUnrestricted online access$2star
=588  \\$aDescription based on print version record.
=655  \7$aElectronic books. $2local
=710  2\$aProject Muse.$edistributor
=830  \0$aBook collections on Project MUSE.
=856  40$zFull text available: $uhttps://muse.jhu.edu/book/21982/
=945  \\$aProject MUSE - 2013 Literature
=945  \\$aProject MUSE - 2013 Complete

