=LDR  03167cam a22004214a 4500
=001  musev2_22152
=003  MdBmJHUP
=005  20241011073711.0
=006  m\\\\\o\\d\\\\\\\\
=007  cr||||||||nn|n
=008  220303s2011\\\\xx\\\\\\o\\\\\\00\0\eng\d
=020  \\$a9780262302890
=020  \\$z9780262516792
=020  \\$z0262516799
=020  \\$z0262302896
=035  \\$a(OCoLC)851430823
=040  \\$aMdBmJHUP$cMdBmJHUP
=100  1\$aPalfrey, John$eVerfasserIn.$4aut
=245  10$aIntellectual Property Strategy
=264  \1$aCambridge$bThe MIT Press$c2011
=264  \3$aBaltimore, Md. :$bProject MUSE, $c2014
=264  \4$c&copy;2011
=300  \\$a1 online resource (192 pages).
=336  \\$atext$btxt$2rdacontent
=337  \\$acomputer$bc$2rdamedia
=338  \\$aonline resource$bcr$2rdacarrier
=506  0\$aOpen Access$fUnrestricted online access$2star
=520  \\$aHow a flexible and creative approach to intellectual property can help an organization accomplish goals ranging from building market share to expanding an industry. Most managers leave intellectual property issues to the legal department, unaware that an organization's intellectual property can help accomplish a range of management goals, from accessing new markets to improving existing products to generating new revenue streams. In this book, intellectual property expert and Harvard Law School professor John Palfrey offers a short briefing on intellectual property strategy for corporate managers and nonprofit administrators. Palfrey argues for strategies that go beyond the traditional highly restrictive "sword and shield" approach, suggesting that flexibility and creativity are essential to a profitable long-term intellectual property strategy--especially in an era of changing attitudes about media. Intellectual property, writes Palfrey, should be considered a key strategic asset class. Almost every organization has an intellectual property portfolio of some value and therefore the need for an intellectual property strategy. A brand, for example, is an important form of intellectual property, as is any information managed and produced by an organization. Palfrey identifies the essential areas of intellectual property--patent, copyright, trademark, and trade secret--and describes strategic approaches to each in a variety of organizational contexts, based on four basic steps. The most innovative organizations employ multiple intellectual property approaches, depending on the situation, asking hard, context-specific questions. By doing so, they achieve both short- and long-term benefits while positioning themselves for success in the global information economy.
=546  \\$aEnglish.
=588  \\$aDescription based on print version record.
=650  \4$aBusiness & management.
=650  \4$aDesigns law.
=655  \7$aElectronic books. $2local
=710  2\$aProject Muse.$edistributor
=830  \0$aBook collections on Project MUSE.
=856  40$zFull text available: $uhttps://muse.jhu.edu/book/22152/
=945  \\$aProject MUSE - 2012 Political Science and Policy Studies Supplement II
=945  \\$aProject MUSE - 2012 Complete Supplement II

