=LDR  01223cam a22003614a 4500
=001  musev2_22480
=003  MdBmJHUP
=005  20241011074125.0
=006  m\\\\\o\\d\\\\\\\\
=007  cr||||||||nn|n
=008  220902s2013\\\\xx\\\\\\o\\\\\\00\0\eng\d
=020  \\$a9781421428390
=020  \\$z9781421408545
=020  \\$z9781421408552
=035  \\$a(OCoLC)859687818
=040  \\$aMdBmJHUP$cMdBmJHUP
=100  1\$aMulholland, James.
=245  10$aSounding Imperial : $bPoetic Voice and the Politics of Empire, 1730-1820
=264  \1$bJohns Hopkins University Press,$c2013
=264  \3$aBaltimore, Md. :$bProject MUSE, $c2013
=264  \4$c&copy;2013
=300  \\$a1 online resource (232 pages).
=336  \\$atext$btxt$2rdacontent
=337  \\$acomputer$bc$2rdamedia
=338  \\$aonline resource$bcr$2rdacarrier
=506  0\$aOpen Access$fUnrestricted online access$2star
=588  \\$aDescription based on print version record.
=655  \7$aElectronic books. $2local
=710  2\$aProject Muse.$edistributor
=830  \0$aBook collections on Project MUSE.
=856  40$zFull text available: $uhttps://muse.jhu.edu/book/22480/
=945  \\$aProject MUSE - 2013 Literature
=945  \\$aProject MUSE - 2013 Complete

