=LDR  03552cam a22006494a 4500
=001  musev2_22708
=003  MdBmJHUP
=005  20241011074417.0
=006  m\\\\\o\\d\\\\\\\\
=007  cr||||||||nn|n
=008  121218s2013\\\\miu\\\\\o\\\\\\00\0\eng\d
=010  \\$z  2020707309
=020  \\$a9780472900275
=020  \\$z9780472118786
=020  \\$z9780472036769
=020  \\$z9780472029136
=035  \\$a(OCoLC)841263558
=040  \\$aMdBmJHUP$cMdBmJHUP
=100  1\$aKelly, T. Mills.
=245  10$aTeaching History in the Digital Age / $cT. Mills Kelly.
=264  \1$aAnn Arbor :$bThe University of Michigan Press,$c[2013]
=264  \3$aBaltimore, Md. :$bProject MUSE, $c2013
=264  \4$c©[2013]
=300  \\$a1 online resource (192 pages).
=336  \\$atext$btxt$2rdacontent
=337  \\$acomputer$bc$2rdamedia
=338  \\$aonline resource$bcr$2rdacarrier
=490  0\$aDigital humanities
=505  0\$aContents -- Introduction -- 1. Thinking: How Students Learn About the Past -- 2. Finding: Search Engineâ€?Dependent Learning -- 3. Analyzing: Making Sense of a Million Sources -- 4. Presenting: Capturing, Creating, and Writing History -- 5. Making: DIY History? -- Conclusion -- Notes -- Bibliography
=506  0\$aOpen Access$fUnrestricted online access$2star
=520  \\$a"Although many humanities scholars have been talking and writing about the transition to the digital age for more than a decade, only in the last few years have we seen a convergence of the factors that make this transition possible: the spread of sufficient infrastructure on campuses, the creation of truly massive databases of humanities content, and a generation of students that has never known a world without easy Internet access. Teaching History in the Digital Age serves as a guide for practitioners on how to fruitfully employ the transformative changes of digital media in the research, writing, and teaching of history. T. Mills Kelly synthesizes more than two decades of research in digital history, offering practical advice on how to make best use of the results of this synthesis in the classroom and new ways of thinking about pedagogy in the digital humanities"--$cProvided by publisher
=546  \\$aEnglish.
=588  \\$aDescription based on print version record.
=650  \7$aDatorstödd undervisning.$2sao
=650  \7$aHistorieundervisning.$2sao
=650  \7$aHistoriedidaktik.$2sao
=650  \7$aHögskoleutbildning.$2sao
=650  \7$aNeue Medien$2gnd
=650  \7$aGeschichtsunterricht$2gnd
=650  \7$aGeschichtswissenschaft$2gnd
=650  \7$aHistory$xComputer-assisted instruction.$2fast$0(OCoLC)fst00958248
=650  \7$aHISTORY$xHistoriography.$2bisacsh
=650  \7$aSOCIAL SCIENCE$xMedia Studies.$2bisacsh
=650  \7$aEDUCATION$xTeaching Methods & Materials$xArts & Humanities.$2bisacsh
=650  \7$aEDUCATION$xHigher.$2bisacsh
=650  \7$aTeaching of a specific subject.$2bicssc
=650  \7$aHigher & further education, tertiary education.$2bicssc
=650  \7$aEducation.$2bicssc
=650  \6$aHistoire$xEnseignement assiste par ordinateur.
=650  \0$aHistory$xStudy and teaching (Higher)$xTechnological innovations.
=650  \0$aHistory$xComputer-assisted instruction.
=655  \7$aElectronic books. $2local
=710  2\$aProject Muse.$edistributor
=830  \0$aBook collections on Project MUSE.
=856  40$zFull text available: $uhttps://muse.jhu.edu/book/22708/
=945  \\$aProject MUSE - 2013 History
=945  \\$aProject MUSE - 2013 Complete

