=LDR  03980cam a22005654a 4500
=001  musev2_22904
=003  MdBmJHUP
=005  20241011074641.0
=006  m\\\\\o\\d\\\\\\\\
=007  cr||||||||nn|n
=008  160721t20132013onc\\\\\o\\\\\\00\0\eng\d
=010  \\$z  2020719792
=020  \\$a9780776620848
=020  \\$z9780776608013
=020  \\$z0776620843
=020  \\$z0776608010
=035  \\$a(OCoLC)857440191
=040  \\$aMdBmJHUP$cMdBmJHUP
=245  04$aThe Copyright Pentalogy : $bHow the Supreme Court of Canada Shook the Foundations of Canadian Copyright Law / $cedited by Michael Geist.
=264  \1$a[Ottawa, Ontario] :$bUniversity of Ottawa Press,$c[2013]
=264  \3$aBaltimore, Md. :$bProject MUSE, $c2013
=264  \4$c&copy;[2013]
=300  \\$a1 online resource (478 pages).
=336  \\$atext$btxt$2rdacontent
=337  \\$acomputer$bc$2rdamedia
=338  \\$aonline resource$bcr$2rdacarrier
=490  0\$aLaw, technology and society
=505  00$gIntroduction /$rby Michael Geist --$tOf reasonableness, fairness and the public interest : judicial review of copyright board decisions in Canada's copyright pentalogy /$rGraham Reynolds --$tCourts and copyright : some thoughts on standard of review /$rPaul Daly --$tThe context of the Supreme Court's copyright cases /$rMargaret Ann Wilkinson --$tFair use 2.0 : the rebirth of fair dealing in Canada /$rAriel Katz --$tFairness found : how Canada quietly shifted from fair dealing to fair use /$rMichael Geist --$tThe arithmetic of fair dealing at the Supreme Court of Canada /$rGiuseppina D'Agostino --$tFair dealing practices in the post-secondary education sector after the pentalogy /$rSamuel E. Trosow --$tFairness of use : different journeys /$rMeera Nair --$tTechnological neutrality : (pre)serving the purposes of copyright law /$rCarys J. Craig --$tTechnological neutrality in Canadian copyright law /$rGregory R. Hagen --$tCopyright royalty stacking /$rJeremy de Beer --$tThe Internet taxi : collective management of copyright and the making available right, after the pentalogy /$rDaniel Gervais --$tRighting a right : Entertainment Software Association v SOCAN and the exclusive rights of copyright for works /$rElizabeth F. Judge --$tAcknowledging copyright's illegitimate offspring : user-generated content and Canadian copyright law /$rTeresa Scassa.
=506  0\$aOpen Access$fUnrestricted online access$2star
=520  \\$aIn the summer of 2012, the Supreme Court of Canada issued rulings on five copyright cases in a single day. The decisions, which were quickly dubbed "the copyright pentalogy," represent a seismic shift in Canadian copyright law. In this book, Canada's leading copyright scholars explore five issues raised by the pentalogy: the standard of review of copyright decisions; fair dealing that ensures a balance between the interests of creators and users of content; a technology-neutral approach to copyright law; the scope of copyright law; and the implications of the decisions for copyright collective management.
=546  \\$aEnglish.
=588  \\$aDescription based on print version record.
=650  \7$aCopyright.$2fast$0(OCoLC)fst00878706
=650  \7$aLAW$xAdministrative Law & Regulatory Practice.$2bisacsh
=650  \7$aLaws of Specific jurisdictions.$2bicssc
=650  \7$aLaw.$2bicssc
=650  \7$aJurisprudence and general issues.$2bicssc
=650  \7$aIntellectual property law.$2bicssc
=650  \7$acopyright.$2aat
=650  \6$aDroit d'auteur$zCanada.
=650  \2$aCopyright
=650  \0$aCopyright$zCanada.
=651  \7$aCanada.$2fast$0(OCoLC)fst01204310
=655  \7$aElectronic books. $2local
=700  1\$aGeist, Michael,$d1968-$eeditor.
=710  2\$aProject Muse.$edistributor
=830  \0$aBook collections on Project MUSE.
=856  40$zFull text available: $uhttps://muse.jhu.edu/book/22904/
=945  \\$aProject MUSE - 2013 Political Science and Policy Studies
=945  \\$aProject MUSE - 2013 Complete

