=LDR  04228cam a22005174a 4500
=001  musev2_22906
=003  MdBmJHUP
=005  20241011074644.0
=006  m\\\\\o\\d\\\\\\\\
=007  cr||||||||nn|n
=008  100827s2011\\\\miu\\\\\o\\\\\\00\0\eng\d
=010  \\$z  2020706651
=020  \\$a9780472900299
=020  \\$z9780472029402
=020  \\$z9780472035373
=020  \\$z9780472117611
=035  \\$a(OCoLC)729735189
=040  \\$aMdBmJHUP$cMdBmJHUP
=100  1\$aGabrys, Jennifer.
=245  10$aDigital Rubbish : $bA Natural History of Electronics / $cJennifer Gabrys.
=264  \1$aAnn Arbor :$bUniversity of Michigan Press,$c[2011]
=264  \3$aBaltimore, Md. :$bProject MUSE, $c2014
=264  \4$c&copy;[2011]
=300  \\$a1 online resource.
=336  \\$atext$btxt$2rdacontent
=337  \\$acomputer$bc$2rdamedia
=338  \\$aonline resource$bcr$2rdacarrier
=505  0\$a""Contents ""; ""Introduction: A Natural History of Electronics ""; ""1. Silicon Elephants: The Transformative Materiality of Microchips ""; ""2. Ephemeral Screens: Exchange at the Interface ""; ""3. Shipping and Receiving: Circuits of Disposal and the ""Social Death"" of Electronics ""; ""4. Museum of Failure: The Mutability of Electronic Memory ""; ""5. Media in the Dump: Salvage Stories and Spaces of Remainder ""; ""Conclusion: Digital Rubbish Theory ""; ""Notes ""; ""Bibliography ""; ""Index ""
=506  0\$aOpen Access$fUnrestricted online access$2star
=520  \\$a"This is a study of the material life of information and its devices; of electronic waste in its physical and electronic incarnations; a cultural and material mapping of the spaces where electronics in the form of both hardware and information accumulate, break down, or are stowed away. Electronic waste occurs not just in the form of discarded computers but also as a scatter of information devices, software, and systems that are rendered obsolete and fail. Where other studies have addressed "digital" technology through a focus on its immateriality or virtual qualities, Gabrys traces the material, spatial, cultural, and political infrastructures that enable the emergence and dissolution of these technologies. In the course of her book, she explores five interrelated "spaces" where electronics fall apart: from Silicon Valley to Nasdaq, from containers bound for China to museums and archives that preserve obsolete electronics as cultural artifacts, to the landfill as material repository. All together, these sites stack up into a sedimentary record that forms the "natural history" of this study. Digital Rubbish: A Natural History of Electronics describes the materiality of electronics from a unique perspective, examining the multiple forms of waste that electronics create as evidence of the resources, labor, and imaginaries that are bundled into these machines. By drawing on the material analysis developed by Walter Benjamin, this natural history method allows for an inquiry into electronics that focuses neither on technological progression nor on great inventors but rather considers the ways in which electronic technologies fail and decay. Ranging across studies of media and technology, as well as environments, geography, and design, Jennifer Gabrys pulls together the far-reaching material and cultural processes that enable the making and breaking of these technologies"--Publisher's description.
=546  \\$aEnglish.
=588  \\$aDescription based on print version record.
=650  \6$aAppareils electroniques hors d'usage.
=650  \2$aElectronic Waste
=650  \7$aElectronic waste$2fast$0(OCoLC)fst01728652
=650  \7$aElectronic apparatus and appliances$2fast$0(OCoLC)fst00906772
=650  \7$aSCIENCE$xEnvironmental Science.$2bisacsh
=650  \0$aElectronic apparatus and appliances$xHistory.
=650  \0$aElectronic waste.
=655  \7$aHistory$2fast$0(OCoLC)fst01411628
=655  \7$aElectronic books. $2local
=710  2\$aProject Muse.$edistributor
=830  \0$aBook collections on Project MUSE.
=856  40$zFull text available: $uhttps://muse.jhu.edu/book/22906/
=945  \\$aProject MUSE - Archive Complete Supplement II
=945  \\$aProject MUSE - Archive History Supplement II

