=LDR  02771cam a22005414a 4500
=001  musev2_22955
=003  MdBmJHUP
=005  20241011074718.0
=006  m\\\\\o\\d\\\\\\\\
=007  cr||||||||nn|n
=008  130510t20132013nhu\\\\\o\\\\\\00\0\eng\d
=010  \\$z  2012042090
=020  \\$a9781611684490
=020  \\$z1611684498
=020  \\$z9781584659754
=035  \\$a(OCoLC)842881842
=040  \\$aMdBmJHUP$cMdBmJHUP
=100  1\$aRaengo, Alessandra,$eauthor.
=245  10$aOn the Sleeve of the Visual : $bRace as Face Value / $cAlessandra Raengo.
=264  \1$aHanover, New Hampshire :$bDartmouth,$c[2013]
=264  \3$aBaltimore, Md. :$bProject MUSE, $c2013
=264  \4$c&copy;[2013]
=300  \\$a1 online resource (240 pages): $billustrations
=336  \\$atext$btxt$2rdacontent
=337  \\$acomputer$bc$2rdamedia
=338  \\$aonline resource$bcr$2rdacarrier
=490  0\$aInterfaces: studies in visual culture
=505  0\$aThe photochemical imagination -- On the sleeve of the visual -- The money of the real -- The long photographic century -- Conclusion : in the shadow.
=506  0\$aOpen Access$fUnrestricted online access$2star
=520  \\$aIn this work of critical theory, Black studies, and visual culture studies, the author reads race as a theory of the image. By placing emphasis on the surface of the visual as the repository of its meaning, race presents the most enduring ontological approach to what images are, how they feel, and what they mean. Having established her theoretical concerns, the author's eclectic readings of various artifacts of visual culture, fine arts, cinema, and rhetorical tropes provoke and destabilize readers' visual comfort zone, forcing them to recognize the unstated racial aspects of viewing and the foundational role of race in informing the visual. -- Back cover.
=588  \\$aDescription based on print version record.
=650  \7$aVisual sociology.$2fast$0(OCoLC)fst01168118
=650  \7$aImage (Philosophy)$2fast$0(OCoLC)fst00967475
=650  \7$aBlack people in mass media.$2fast$0(OCoLC)fst00834026
=650  \7$aSOCIAL SCIENCE$xEthnic Studies$xAfrican American Studies.$2bisacsh
=650  \7$aSOCIAL SCIENCE$xBlack Studies (Global)$2bisacsh
=650  \6$aImage (Philosophie)
=650  \6$aSociologie visuelle.
=650  \6$aPersonnes noires dans les medias.
=650  \0$aImage (Philosophy)
=650  \0$aVisual sociology.
=650  \0$aBlack people in mass media.
=655  \7$aElectronic books. $2local
=710  2\$aProject Muse.$edistributor
=830  \0$aBook collections on Project MUSE.
=856  40$zFull text available: $uhttps://muse.jhu.edu/book/22955/
=945  \\$aProject MUSE - 2013 Complete
=945  \\$aProject MUSE - 2013 Global Cultural Studies

