=LDR  03954cam a22006014a 4500
=001  musev2_23571
=003  MdBmJHUP
=005  20241011075513.0
=006  m\\\\\o\\d\\\\\\\\
=007  cr||||||||nn|n
=008  130503s2013\\\\txu\\\\\o\\\\\\00\0\eng\d
=020  \\$a9781603449953
=020  \\$z9781603449496
=020  \\$z1603449957
=035  \\$a(OCoLC)841793957
=040  \\$aMdBmJHUP$cMdBmJHUP
=100  1\$aUlanov, Ann Belford.
=245  10$aMadness and Creativity / $cAnn Belford Ulanov ; foreword by David H. Rosen.
=250  \\$a1st ed.
=264  \1$aCollege Station :$bTexas A & M University Press,$c2013.
=264  \3$aBaltimore, Md. :$bProject MUSE, $c2013
=264  \4$c&copy;2013.
=300  \\$a1 online resource (136 pages): $billustrations.
=336  \\$atext$btxt$2rdacontent
=337  \\$acomputer$bc$2rdamedia
=338  \\$aonline resource$bcr$2rdacarrier
=490  0\$aCarolyn and Ernest Fay series in analytical psychology ;$vno. 18
=505  0\$aMadness -- Personal madness -- Collective madness -- Creativity -- Compelling complex -- Creative return.
=506  0\$aOpen Access$fUnrestricted online access$2star
=520  \\$aAnalyst and author Ann Belford Ulanov draws on her years of clinical work and reflection to make the point that madness and creativity share a kinship, an insight that shakes both analysand and analyst to the core, reminding us as it does that the suffering places of the human psyche are inextricably-and, often inexplicably-related to the fountains of creativity, service, and even genius. She poses disturbing questions: How do we depend on order, when chaos is a necessary part of existence? What are we to make of evil-both that surrounding us and that within us? Is there a myth of meaning that can contain all the differences that threaten to shatter us? Ulanov's insights unfold in conversation with themes in Jung's Red Book which, according to Jung, present the most important experiences of his life, themes he explicated in his subsequent theories. In words and paintings Jung displays his psychic encounters from1913-1928, describing them as inner images that "burst forth from the unconscious and flooded me like an enigmatic stream and threatened to break me." Responding to some of Jung's more fantastic encounters as he illustrated them, Ulanov suggests that our problems and compulsions may show us the path our creativity should take. With Jung she asserts that the multiplicities within and around us are, paradoxically, pieces of a greater whole that can provide healing and unity as, in her words, "every part of us and of our world gets a seat at the table." Taken from Ulanov's addresses at the 2012 Fay Lectures in Analytical Psychology, Madness and Creativity stands as a carefully crafted presentation, with many clinical examples of human courage and fulfillment.
=588  \\$aDescription based on print version record.
=600  11$aJung, C. G.$q(Carl Gustav),$d1875-1961.$tLiber novus.
=600  10$aJung, C. G.$q(Carl Gustav),$d1875-1961.$tLiber novus.
=650  \7$aMental illness.$2fast$0(OCoLC)fst01016547
=650  \7$aJungian psychology.$2fast$0(OCoLC)fst00984858
=650  \7$aCreative ability.$2fast$0(OCoLC)fst00882417
=650  \7$aSELF-HELP$xCreativity.$2bisacsh
=650  \7$aPSYCHOLOGY$xCreative Ability.$2bisacsh
=650  \7$amental disorders.$2aat
=650  \7$acreativity.$2aat
=650  \6$aPsychologie analytique.
=650  \6$aMaladies mentales.
=650  \6$aCreativite.
=650  \0$aJungian psychology.
=650  \0$aMental illness.
=650  \0$aCreative ability.
=630  07$aLiber novus (Jung, C.G.)$2fast$0(OCoLC)fst01914906
=655  \7$aElectronic books. $2local
=700  1\$aRosen, David H.,$d1945-
=710  2\$aProject Muse.$edistributor
=830  \0$aBook collections on Project MUSE.
=856  40$zFull text available: $uhttps://muse.jhu.edu/book/23571/
=945  \\$aProject MUSE - 2013 Complete

