=LDR  02395cam a22005534a 4500
=001  musev2_23944
=003  MdBmJHUP
=005  20241011080004.0
=006  m\\\\\o\\d\\\\\\\\
=007  cr||||||||nn|n
=008  120614s2013\\\\ohu\\\\\o\\\\\\00\0\eng\d
=020  \\$a9780814270042
=020  \\$z0814212050
=020  \\$z0814270042
=020  \\$z9780814212059
=035  \\$a(OCoLC)867741165
=040  \\$aMdBmJHUP$cMdBmJHUP
=100  1\$aColeman, Dawn$q(Dawn Davina),$d1973-
=245  10$aPreaching and the Rise of the American Novel / $cDawn Coleman.
=264  \1$aColumbus :$bOhio State University Press,$c2013.
=264  \3$aBaltimore, Md. :$bProject MUSE, $c2013
=264  \4$c©2013.
=300  \\$a1 online resource (344 pages).
=336  \\$atext$btxt$2rdacontent
=337  \\$acomputer$bc$2rdamedia
=338  \\$aonline resource$bcr$2rdacarrier
=490  0\$aLiterature, religion, and postsecular studies
=505  0\$aCreating the preacher's authority -- The slow rise of novel in America -- The radical Protestant preaching of George Lippard -- Secularizing the sermon in The scarlet letter -- Playing preacher in Moby-Dick -- The unsentimental woman preacher of Uncle Tom's cabin -- The borrowed sermons of Clotel; or, the President's daughter.
=506  0\$aOpen Access$fUnrestricted online access$2star
=588  \\$aDescription based on print version record.
=650  \7$aPreaching in literature.$2fast$0(OCoLC)fst01074832
=650  \7$aPreaching.$2fast$0(OCoLC)fst01074813
=650  \7$aAmerican fiction.$2fast$0(OCoLC)fst00807048
=650  \6$aRoman americain$y19e siecle$xHistoire et critique.
=650  \6$aPredication$zÉtats-Unis$xHistoire.
=650  \6$aPredication dans la litterature.
=650  \0$aAmerican fiction$y19th century$xHistory and criticism.
=650  \0$aPreaching$zUnited States$xHistory.
=650  \0$aPreaching in literature.
=651  \7$aUnited States.$2fast$0(OCoLC)fst01204155
=655  \7$aHistory.$2fast$0(OCoLC)fst01411628
=655  \7$aCriticism, interpretation, etc.$2fast$0(OCoLC)fst01411635
=655  \7$aElectronic books. $2local
=710  2\$aProject Muse.
=710  2\$aProject Muse.$edistributor
=830  \0$aBook collections on Project MUSE.
=856  40$zFull text available: $uhttps://muse.jhu.edu/book/23944/
=945  \\$aProject MUSE - 2013 Literature
=945  \\$aProject MUSE - 2013 Complete

