=LDR  03131cam a22004934a 4500
=001  musev2_23945
=003  MdBmJHUP
=005  20241011080005.0
=006  m\\\\\o\\d\\\\\\\\
=007  cr||||||||nn|n
=008  120720s2013\\\\ohu\\\\\o\\\\\\00\0\eng\d
=010  \\$z  2012025253
=020  \\$a9780814270059
=020  \\$z0814270050
=020  \\$z9780814212066
=020  \\$z0814212069
=035  \\$a(OCoLC)867741100
=040  \\$aMdBmJHUP$cMdBmJHUP
=100  1\$aGlazov-Corrigan, Elena,$d1953-
=245  10$aArt after Philosophy : $bBoris Pasternak's Early Prose / $cElena Glazov-Corrigan.
=264  \1$aColumbus :$bOhio State University Press,$c2013.
=264  \3$aBaltimore, Md. :$bProject MUSE, $c2013
=264  \4$c&copy;2013.
=300  \\$a1 online resource (408 pages).
=336  \\$atext$btxt$2rdacontent
=337  \\$acomputer$bc$2rdamedia
=338  \\$aonline resource$bcr$2rdacarrier
=506  0\$aOpen Access$fUnrestricted online access$2star
=520  \\$aThis book redefines an area in Slavic studies which has suffered from neglect for several decades, namely, Pasternak's early prose narratives. The author analyzes the conceptual networks of thought Pasternak developed when he turned to literature after abandoning the study of Neo-Kantianism in Marburg during the summer of 1912. This book shows conclusively that Pasternak's knowledge of philosophy is inseparable from his prose works, even though in his early stories and novellas (1913-1918) philosophical ideas operate neither as discrete textual units nor as micro-elements or clusters of possible signification. In the early Pasternak, philosophy becomes a narrative art, a large-scale narrative frame, a manner of seeing rather than of constructing reality. After Roman Jakobson's famous 1935 essay, which characterized the early Pasternak as a "virtuoso of metonymy," in contrast to the metaphoric Mayakovsky, no other approach has been able to generate comparable scholarly influence. The present study takes up the implicit challenge of this critical impasse. Entering into a debate with Jakobson's findings, this book illuminates Pasternak's boldest artistic experiments and suggests to his readers entirely new ways of approaching not only his early but also his later writing.
=546  \\$aEnglish.
=588  \\$aDescription based on print version record.
=600  17$aPasternak, Boris Leonidovich,$d1890-1960.$2fast$0(OCoLC)fst00031300
=600  10$aPasternak, Boris Leonidovich,$d1890-1960$xCriticism and interpretation.
=650  \7$aLITERARY CRITICISM / General$2bisacsh
=650  \7$aSlavic, Baltic and Albanian Languages & Literatures.$2hilcc
=650  \7$aLanguages & Literatures.$2hilcc
=655  \7$aCriticism, interpretation, etc.$2fast$0(OCoLC)fst01411635
=655  \7$aElectronic books. $2local
=710  2\$aProject Muse.$edistributor
=830  \0$aBook collections on Project MUSE.
=856  40$zFull text available: $uhttps://muse.jhu.edu/book/23945/
=945  \\$aProject MUSE - 2013 Literature
=945  \\$aProject MUSE - 2013 Russian and East European Studies
=945  \\$aProject MUSE - 2013 Complete

