=LDR  03452cam a22005774a 4500
=001  musev2_23946
=003  MdBmJHUP
=005  20241011080006.0
=006  m\\\\\o\\d\\\\\\\\
=007  cr||||||||nn|n
=008  121108s2013\\\\ohu\\\\\o\\\\\\00\0\eng\d
=020  \\$a9780814270066
=020  \\$z0814212077
=020  \\$z9780814212073
=020  \\$z0814270069
=035  \\$a(OCoLC)855710687
=040  \\$aMdBmJHUP$cMdBmJHUP
=245  00$aAnswerable Style : $bThe Idea of the Literary in Medieval England / $cedited by Frank Grady and Andrew Galloway.
=264  \1$aColumbus :$bOhio State University Press,$c2013
=264  \3$aBaltimore, Md. :$bProject MUSE, $c2013
=264  \4$c&copy;2013
=300  \\$a1 online resource (392 pages): $b1 map
=336  \\$atext$btxt$2rdacontent
=337  \\$acomputer$bc$2rdamedia
=338  \\$aonline resource$bcr$2rdacarrier
=490  0\$aInterventions : new studies in medieval culture
=505  0\$aHorace's Ars poetica in the medieval classroom and beyond : the horizons of ancient precept / Rita Copeland -- Latin composition lessons, Piers Plowman, and the Piers Plowman tradition / Wendy Scase -- Langland translating / Traugott Lawler -- Escaping the whirling wicker : Ricardian poetics and narrative voice in the Canterbury tales / Katherine Zieman -- Langland's literary syntax, or Anima as an alternative to Latin grammar / Katharine Breen -- Speculum vitae and the form of Piers Plowman / Ralph Hanna -- Petrarch's pleasures, Chaucer's revulsions, and the aesthetics of renunciation in late-medieval culture / Andrew Galloway -- Chaucer's history-effect / Steven Justice -- Seigneurial poetics, or the poacher, the prikasour, the hunt and its oeuvre / Frank Grady -- Agency and the poetics of sensation in Gower's Mirour de l'omme / Maura Nolan -- Genre and source in Troilus and Criseyde / Lee Patterson -- The silence of Langland's study : matter, invisibility, instruction / D. Vance Smith -- Voice and public interiorities : Chaucer, Orpheus, Machaut / David Lawton.
=506  0\$aOpen Access$fUnrestricted online access$2star
=520  \\$aThis book addresses medieval literary scholarship and the medieval idea of the literary, with special focus on the poetry of Chaucer, Langland, and Gower.
=546  \\$aEnglish.
=588  \\$aDescription based on print version record.
=650  \7$aMiddle English literature$xGenres.$2idszbzes
=650  \7$aLiterature, Medieval$xHistory and criticism.$2idszbzes
=650  \7$aLiteratur$2gnd
=650  \7$aMittelenglisch$2gnd
=650  \7$aLiterature, Medieval.$2fast$0(OCoLC)fst01000151
=650  \7$aEnglish literature$xMiddle English.$2fast$0(OCoLC)fst01710961
=650  \7$aLITERARY CRITICISM / General$2bisacsh
=650  \6$aLitterature medievale$xHistoire et critique.
=650  \6$aLitterature anglaise$y1100-1500 (Moyen anglais)$xHistoire et critique.
=650  \0$aLiterature, Medieval$xHistory and criticism.
=650  \0$aEnglish literature$yMiddle English, 1100-1500$xHistory and criticism.
=655  \7$aCriticism, interpretation, etc.$2fast$0(OCoLC)fst01411635
=655  \7$aElectronic books. $2local
=700  1\$aGrady, Frank.
=700  1\$aGalloway, Andrew.
=710  2\$aProject Muse.$edistributor
=830  \0$aBook collections on Project MUSE.
=856  40$zFull text available: $uhttps://muse.jhu.edu/book/23946/
=945  \\$aProject MUSE - 2013 Literature
=945  \\$aProject MUSE - 2013 Complete

