=LDR  01606cam a22003974a 4500
=001  musev2_23947
=003  MdBmJHUP
=005  20241011080006.0
=006  m\\\\\o\\d\\\\\\\\
=007  cr||||||||nn|n
=008  131204t20142014ohu\\\\\o\\\\\\00\0\eng\d
=020  \\$a9780814270080
=020  \\$z0814212085
=020  \\$z9780814212080
=020  \\$z0814270085
=035  \\$a(OCoLC)867740988
=040  \\$aMdBmJHUP$cMdBmJHUP
=100  1\$aEslami, Elizabeth,$d1978-$eauthor.
=245  10$aHard Sayings : $bThe Rhetorics of Christian Orthodoxy in Late Modern Fiction / $cElizabeth Eslami.
=264  \1$aColumbus :$bThe Ohio State University Press,$c[2014]
=264  \3$aBaltimore, Md. :$bProject MUSE, $c2013
=264  \4$c&copy;[2014]
=300  \\$a1 online resource (264 pages).
=336  \\$atext$btxt$2rdacontent
=337  \\$acomputer$bc$2rdamedia
=338  \\$aonline resource$bcr$2rdacarrier
=505  0\$aJocko Hollow -- Muta Scale -- Hibernators -- New Year -- Victory Forge -- Sour Milk -- Continuity in Filmmaking -- Adwok, Pantokrator -- Macarthur Park -- The Yana Land -- Everything Gets Mixed Together at the Pueblo.
=506  0\$aOpen Access$fUnrestricted online access$2star
=586  \\$aOhio State University Prize in Short Fiction winner
=588  \\$aDescription based on print version record.
=655  \7$aElectronic books. $2local
=710  2\$aProject Muse.$edistributor
=830  \0$aBook collections on Project MUSE.
=856  40$zFull text available: $uhttps://muse.jhu.edu/book/23947/
=945  \\$aProject MUSE - 2013 Literature
=945  \\$aProject MUSE - 2013 Complete

