=LDR  04459cam a22005414a 4500
=001  musev2_23948
=003  MdBmJHUP
=005  20241011080007.0
=006  m\\\\\o\\d\\\\\\\\
=007  cr||||||||nn|n
=008  121012s2013\\\\ohu\\\\\o\\\\\\00\0\eng\d
=020  \\$a9780814270097
=020  \\$z0814270093
=020  \\$z9780814212097
=020  \\$z0814212093
=035  \\$a(OCoLC)867741157
=040  \\$aMdBmJHUP$cMdBmJHUP
=100  1\$aHogan, Patrick Colm.
=245  10$aNarrative Discourse : $bAuthors and Narrators in Literature, Film and Art / $cPatrick Colm Hogan.
=264  \1$aColumbus :$bOhio State University Press,$c2013.
=264  \3$aBaltimore, Md. :$bProject MUSE, $c2013
=264  \4$c©2013.
=300  \\$a1 online resource (336 pages): $billustrations.
=336  \\$atext$btxt$2rdacontent
=337  \\$acomputer$bc$2rdamedia
=338  \\$aonline resource$bcr$2rdacarrier
=490  0\$aTheory and interpretation of narrative
=505  00$tDiscourse analysis and narration --$tWho is speaking to whom : the communicative discourse of narrative art --$tCross-textual implied painters and cinematic auteurs : Rabindranath Tagore's paintings and Bimal Roy's Madhumati --$tAuthors, implied and implicated : explaining Harriet Beecher Stowe's Uncle Tom's cabin and Kabir Khan's New York --$tNarrative reliability : Margaret Atwood's Surfacing --$tVarieties of multiple narration (I) : parallel narrators in William Faulkner's The sound and the fury and David Lynch's Mulholland Drive --$tVarieties of multiple narration (II) : embedded narration, focalization, and collective voicing in Ngũgĩ wa Thiongʼo's Petals of blood and Born of the sun by Joseph Diescho (with Celeste Wallin) --$tA note on implied readers and narratees : Mīrābāī's "Even if you break off, beloved, I would not."
=506  0\$aOpen Access$fUnrestricted online access$2star
=520  \\$a"In Narrative Discourse: Authors and Narrators in Literature, Film, and Art, Patrick Colm Hogan reconsiders fundamental issues of authorship and narration in light of recent research in cognitive and affective science. He begins with a detailed overview of the components of narrative discourse, both introducing and reworking key principles. Based on recent studies treating the complexity of human cognition, Hogan presents a new account of implied authorship that solves some notorious problems with that concept. In subsequent chapters Hogan takes the view that implied authorship is both less unified and more unified than is widely recognized. In connection with this notion, he examines how we can make interpretive sense of the inconsistencies of implied authors within works and the continuities of implied authors across works. Turning to narrators, he considers some general principles of readers' judgments about reliability, emphasizing the emotional element of trust. Following chapters take up the operation of complex forms of narration, including parallel narration, embedded narration, and collective voicing ("we" narration). In the afterword, Hogan sketches some subtleties at the other end of narrative communication, considering implied readers and narratees. In order to give greater scope to the analyses, Hogan develops case studies from painting and film as well as literature, treating art by Rabindranath Tagore; films by David Lynch, Bimal Roy, and Kabir Khan; and literary works by Mīrābāī, Harriet Beecher Stowe, Ernest Hemingway, William Faulkner, Margaret Atwood, Ngũgĩ wa Thiong'o, and Joseph Diescho." --$cPublisher's description.
=588  \\$aDescription based on print version record.
=650  \7$aPhilology & Linguistics.$2hilcc
=650  \7$aLanguages & Literatures.$2hilcc
=650  \7$aNarration (Rhetoric)$2fast$0(OCoLC)fst01032927
=650  \7$aDiscourse analysis, Narrative.$2fast$0(OCoLC)fst00894947
=650  \7$aCritical discourse analysis.$2fast$0(OCoLC)fst00883664
=650  \6$aDiscours narratif.
=650  \6$aNarration.
=650  \6$aAnalyse critique du discours.
=650  \0$aDiscourse analysis, Narrative.
=650  \0$aNarration (Rhetoric)
=650  \0$aCritical discourse analysis.
=655  \7$aElectronic books. $2local
=710  2\$aProject Muse.$edistributor
=830  \0$aBook collections on Project MUSE.
=856  40$zFull text available: $uhttps://muse.jhu.edu/book/23948/
=945  \\$aProject MUSE - 2013 Literature
=945  \\$aProject MUSE - 2013 Complete

