=LDR  03475cam a22005414a 4500
=001  musev2_23949
=003  MdBmJHUP
=005  20241011080008.0
=006  m\\\\\o\\d\\\\\\\\
=007  cr||||||||nn|n
=008  120928s2013\\\\ohu\\\\\o\\\\\\00\0\eng\d
=020  \\$a9780814270103
=020  \\$z0814212115
=020  \\$z9780814212110
=020  \\$z0814270107
=035  \\$a(OCoLC)867741098
=040  \\$aMdBmJHUP$cMdBmJHUP
=100  1\$aMcCormack, Kathleen,$d1944-
=245  10$aGeorge Eliot in Society : $bTravels Abroad and Sundays at the Priory / $cKathleen McCormack.
=264  \1$aColumbus :$bOhio State University Press,$c[2013]
=264  \3$aBaltimore, Md. :$bProject MUSE, $c2013
=264  \4$c©[2013]
=300  \\$a1 online resource (208 pages): $billustrations
=336  \\$atext$btxt$2rdacontent
=337  \\$acomputer$bc$2rdamedia
=338  \\$aonline resource$bcr$2rdacarrier
=505  0\$aIntroduction : the big "S" -- Travels abroad : taking the waters -- Months of Sundays -- Between Middlemarch and Daniel Deronda : singers, lovers, and others -- The salons, the spas, and Daniel Deronda -- John Cross and the last spa.
=506  0\$aOpen Access$fUnrestricted online access$2star
=520  \\$aSundays at the Priory, the salons that George Eliot and George Henry Lewes conducted throughout the winter seasons during their later years in the 1870s, have generally earned descriptions as at once scandalous and dull, with few women in attendance, and guests approaching the Sibyl one by one to express their almost pious devotion. But both the guest lists of the salons - which include significant numbers of women, a substantial gay and lesbian contingent, and a group of singers who performed repeatedly - together with the couple's frequent travels to European spas, where they encountered many of the guests likely to visit the Priory, revise the conclusion that George Eliot lived her entire life as an ostracized recluse. Instead, newly-mined sources revealed Eliot as a member of a large and elite, if slightly Bohemian, international social circle in which she moved as a literary celebrity and through which she stimulated her creative imagination as she composed her later poetry and fiction. This book draws attention to the survival of the literary/musical/artistic salon in the Victorian era, at a time in which social interactions coexisted with rising tensions that would soon obliterate the European spa/salon culture in which the Leweses participated, both as they traveled abroad and at Sundays at the Priory.
=546  \\$aEnglish.
=588  \\$aDescription based on print version record.
=600  17$aEliot, George,$d1819-1880.$2fast$0(OCoLC)fst00034497
=600  11$aEliot, George,$d1819-1880.
=600  10$aEliot, George,$d1819-1880.
=650  \7$aNovelists, English.$2fast$0(OCoLC)fst01039718
=650  \7$aLITERARY CRITICISM$xGeneral.$2bisacsh
=650  \4$aEnglish Literature.
=650  \4$aLanguages & Literatures.
=650  \4$aEnglish.
=650  \0$aNovelists, English$y19th century$vBiography.
=655  \7$aBiographies.$2fast$0(OCoLC)fst01919896
=655  \7$aElectronic books. $2local
=710  2\$aProject Muse.$edistributor
=830  \0$aBook collections on Project MUSE.
=880  3\$6246-00/Hani$a敇牯敧䔠楬瑯椠潓楣瑥
=856  40$zFull text available: $uhttps://muse.jhu.edu/book/23949/
=945  \\$aProject MUSE - 2013 Literature
=945  \\$aProject MUSE - 2013 Complete

