=LDR  02372cam a22004934a 4500
=001  musev2_23950
=003  MdBmJHUP
=005  20241011080008.0
=006  m\\\\\o\\d\\\\\\\\
=007  cr||||||||nn|n
=008  120906s2013\\\\ohu\\\\\o\\\\\\00\0\eng\d
=020  \\$a9780814270110
=020  \\$z9780814212134
=020  \\$z0814212131
=020  \\$z0814270115
=035  \\$a(OCoLC)867741097
=040  \\$aMdBmJHUP$cMdBmJHUP
=100  1\$aFrost, Leslie Elaine.
=245  10$aDreaming America : $bPopular Front Ideals and Aethetics in Children's Plays of the Federal Theatre Project / $cLeslie Elaine Frost.
=264  \1$aColumbus :$bOhio State University Press,$c2013.
=264  \3$aBaltimore, Md. :$bProject MUSE, $c2013
=264  \4$c&copy;2013.
=300  \\$a1 online resource (224 pages): $bill.
=336  \\$atext$btxt$2rdacontent
=337  \\$acomputer$bc$2rdamedia
=338  \\$aonline resource$bcr$2rdacarrier
=500  \\$aBibliographic Level Mode of Issuance: Monograph.
=505  0\$aRaising up an educated audience : Federal Children's Theatre -- The Revolt of the beavers : "we should have called it Rumplestiltskin" -- "I looked him right square in the eye" : the story of Little Black Sambo in the Federal Theatre Project -- Shadows of war and homefront patriotism : anti-fascism and the innocent child in the Federal A letter to Santa Claus and Hollywood's The little princess -- Wishing on a star : Pinocchio's journey from the Federal stage to Disney's world.
=506  0\$aOpen Access$fUnrestricted online access$2star
=546  \\$aEnglish.
=588  \\$aDescription based on print version record.
=650  \7$aChildren's plays, American.$2fast$0(OCoLC)fst00856254
=650  \7$aAmerican drama.$2fast$0(OCoLC)fst00806998
=650  \0$aAmerican drama$y20th century$xHistory and criticism.
=650  \0$aChildren's plays, American$xHistory and criticism.
=610  27$aFederal Theatre Project (U.S.)$2fast$0(OCoLC)fst00537749
=610  20$aFederal Theatre Project (U.S.)
=655  \7$aCriticism, interpretation, etc.$2fast$0(OCoLC)fst01411635
=655  \7$aElectronic books. $2local
=710  2\$aProject Muse.$edistributor
=830  \0$aBook collections on Project MUSE.
=856  40$zFull text available: $uhttps://muse.jhu.edu/book/23950/
=945  \\$aProject MUSE - 2013 Literature
=945  \\$aProject MUSE - 2013 Complete

