=LDR  03185cam a22006374a 4500
=001  musev2_23951
=003  MdBmJHUP
=005  20241011080009.0
=006  m\\\\\o\\d\\\\\\\\
=007  cr||||||||nn|n
=008  121116t20132013ohu\\\\\o\\\\\\00\0\eng\d
=020  \\$a9780814270127
=020  \\$z081421214X
=020  \\$z9780814212141
=020  \\$z0814270123
=035  \\$a(OCoLC)867741124
=040  \\$aMdBmJHUP$cMdBmJHUP
=100  1\$aHill, Michael D.,$d1971-$eautor.
=245  10$aThe Ethics of Swagger : $bPrizewinning African American Novels, 1977-1993 / $cMichael DeRell Hill.
=264  \1$aColumbus :$bOhio State University Press,$c[2013]
=264  \3$aBaltimore, Md. :$bProject MUSE, $c2013
=264  \4$c&copy;[2013]
=300  \\$a1 online resource (216 pages).
=336  \\$atext$btxt$2rdacontent
=337  \\$acomputer$bc$2rdamedia
=338  \\$aonline resource$bcr$2rdacarrier
=505  0\$aBeloved and black prizewinning -- Authorized mentors : to Africa and back in The color purple and Middle passage -- A lesson before dying as style guide -- One to write on : communion without consensus in The women of Brewster Place and Jazz -- Hunting inheritance in Song of Solomon and The Chaneysville incident -- Measured achievement : Sent for you yesterday's and Philadelphia fire's failed artists.
=506  0\$aOpen Access$fUnrestricted online access$2star
=588  \\$aDescription based on print version record.
=600  17$aWideman, John Edgar.$2fast$0(OCoLC)fst00105694
=600  17$aWalker, Alice,$d1944-$2fast$0(OCoLC)fst00043003
=600  17$aNaylor, Gloria.$2fast$0(OCoLC)fst00082120
=600  17$aMorrison, Toni.$2fast$0(OCoLC)fst00062028
=600  17$aJohnson, Charles,$d1948-$2fast$0(OCoLC)fst01798668
=600  17$aGaines, Ernest J.,$d1933-2019$2fast$0(OCoLC)fst00004812
=600  17$aBradley, David,$d1950-$2fast$0(OCoLC)fst00065298
=600  10$aBradley, David,$d1950-$xCriticism and interpretation.
=600  10$aGaines, Ernest J.,$d1933-2019$xCriticism and interpretation.
=600  10$aJohnson, Charles$q(Charles Richard),$d1948$xCriticism and interpretation.
=600  10$aMorrison, Toni$xCriticism and interpretation.
=600  10$aNaylor, Gloria$xCriticism and interpretation.
=600  10$aWalker, Alice,$d1944-$xCriticism and interpretation.
=600  10$aWideman, John Edgar$xCriticism and interpretation.
=650  \7$aAmerican fiction$xAfrican American authors.$2fast$0(OCoLC)fst00807049
=650  \7$aAmerican fiction.$2fast$0(OCoLC)fst00807048
=650  \6$aRoman americain$xAuteurs noirs americains$xHistoire et critique.
=650  \6$aRoman americain$y20e siecle$xHistoire et critique.
=650  \0$aAmerican fiction$xAfrican American authors$xHistory and criticism.
=650  \0$aAmerican fiction$y20th century$xHistory and criticism.
=655  \7$aCriticism, interpretation, etc.$2fast$0(OCoLC)fst01411635
=655  \7$aElectronic books. $2local
=710  2\$aProject Muse.$edistributor
=830  \0$aBook collections on Project MUSE.
=856  40$zFull text available: $uhttps://muse.jhu.edu/book/23951/
=945  \\$aProject MUSE - 2013 Literature
=945  \\$aProject MUSE - 2013 Complete

