=LDR  05850cam a22009374a 4500
=001  musev2_23952
=003  MdBmJHUP
=005  20241011080010.0
=006  m\\\\\o\\d\\\\\\\\
=007  cr||||||||nn|n
=008  121228s2013\\\\ohu\\\\\o\\\\\\00\0\eng\d
=010  \\$z  2012048536
=020  \\$a9780814270134
=020  \\$z0814270131
=020  \\$z9780814212158
=020  \\$z0814212158
=035  \\$a(OCoLC)867741131
=040  \\$aMdBmJHUP$cMdBmJHUP
=245  00$aRecovering Disability in Early Modern England / $cedited by Allison P. Hobgood and David Houston Wood.
=264  \1$aColumbus :$bOhio State University Press,$c[2013]
=264  \3$aBaltimore, Md. :$bProject MUSE, $c2013
=264  \4$c©[2013]
=300  \\$a1 online resource (240 pages).
=336  \\$atext$btxt$2rdacontent
=337  \\$acomputer$bc$2rdamedia
=338  \\$aonline resource$bcr$2rdacarrier
=505  0\$aIntroduction : ethical staring : disabling the English Renaissance / Allison P. Hobgood and David Houston Wood -- Dwarf aesthetics in Spenser's Faerie queene and the early modern court / Sara van den Berg -- Maternal culpability in fetal defects : Aphra Behn's satiric interrogations of medical models / Emily Bowles -- Disability humor and the meanings of impairment in early modern England / David M. Turner -- Antic dispositions : mental and intellectual disabilities in early modern revenge tragedy / Lindsey Row-Heyveld -- Disabling allegories in Edmund Spenser's Faerie queene / Rachel E. Hile -- Performing blindness : representing disability in early modern popular performance and print / Simone Chess -- "There is no suff'ring due" : metatheatricality and disability drag in Volpone / Lauren Coker -- Richard recast : Renaissance disability in a postcommunist culture / Marcela Kostihová -- The Book of common prayer, theory of mind, and autism in early modern England / Mardy Philippian, Jr -- Freedom and (dis)ability in early modern political thought / Nancy Hirschmann -- Coda : Shakespearean disability pedagogy / Allison P. Hobgood and David Houston Wood.
=506  0\$aOpen Access$fUnrestricted online access$2star
=520  \\$aWhile early modern selfhood has been explored via a series of historical identity studies involving class, race and ethnicity, and gender and sexuality, until recently there has been little engagement with disability and disabled selves in sixteenth- and seventeenth-century England. This omission is especially problematic, insofar as representations of disabled bodies and minds serve as some of the signature features in English Renaissance texts. This book explores how recent conversations about difference in the period have either overlooked or misidentified disability representations. It also presents early modern disability studies as a new theoretical lens that can reanimate scholarly dialogue about human variation and early modern subjectivities even as it motivates more politically invested classroom pedagogies. The ten essays in this collection range across genre, scope, and time, including examinations of real-life court dwarfs and dwarf narrators in Edmund Spenser's poetry; disability in Aphra Behn's assessment of gender and femininity; disability humor, Renaissance jest books, and cultural ideas about difference; madness in revenge tragedies; Spenserian allegory and impairment; the materiality of literary blindness; feigned disability in Jonsonian drama; political appropriation of Richard III in the postcommunist Czech Republic; the Book of Common Prayer as textual accommodation for cognitive disability; and Thomas Hobbes's and John Locke's inherently ableist conceptions of freedom and political citizenship.
=546  \\$aEnglish.
=588  \\$aDescription based on print version record.
=650  \7$aEnglish Literature.$2hilcc
=650  \7$aLanguages & Literatures.$2hilcc
=650  \7$aEnglish.$2hilcc
=650  \7$aPeople with disabilities in literature.$2fast$0(OCoLC)fst01057365
=650  \7$aEnglish literature$xEarly modern.$2fast$0(OCoLC)fst01710960
=650  \7$aLITERARY CRITICISM / General$2bisacsh
=650  \7$asocial history.$2aat
=650  \7$asocial sciences.$2aat
=650  \7$ahumanities.$2aat
=650  \7$asociology.$2aat
=650  \6$aPersonnes handicapees.
=650  \6$aMedecine dans la litterature.
=650  \6$aHistoire sociale.
=650  \6$aPrestation de soins.
=650  \6$aSciences sociales.
=650  \6$aSciences humaines.
=650  \6$aLitterature.
=650  \6$aSociologie.
=650  \2$aDisabled Persons
=650  \2$aMedicine in Literature
=650  \2$aSocial Conditions
=650  \2$aAnthropology, Education, Sociology and Social Phenomena.
=650  \2$aDelivery of Health Care
=650  \2$aNamed Groups.
=650  \2$aPopulation Characteristics
=650  \2$aSocial Sciences
=650  \2$aHumanities
=650  \2$aSocioeconomic Factors
=650  \2$aPersons.
=650  \2$aLiterature
=650  \2$aSociology
=650  \0$aPeople with disabilities.
=650  \0$aMedicine in literature.
=650  \0$aSocial history.
=650  \0$aMedical care.
=650  \0$aSocial sciences.
=650  \0$aHumanities.
=650  \0$aSociology.
=650  \0$aEnglish literature$yEarly modern, 1500-1700$xHistory and criticism.
=650  \0$aPeople with disabilities in literature.
=655  \7$aCriticism, interpretation, etc.$2fast$0(OCoLC)fst01411635
=655  \0$aElectronic book.
=655  \7$aElectronic books. $2local
=700  1\$aHobgood, Allison P.,$d1977-
=700  1\$aWood, David Houston.
=710  2\$aProject Muse.$edistributor
=830  \0$aBook collections on Project MUSE.
=856  40$zFull text available: $uhttps://muse.jhu.edu/book/23952/
=945  \\$aProject MUSE - 2013 Literature
=945  \\$aProject MUSE - 2013 Complete

