=LDR  02338cam a22005174a 4500
=001  musev2_23953
=003  MdBmJHUP
=005  20241011080010.0
=006  m\\\\\o\\d\\\\\\\\
=007  cr||||||||nn|n
=008  121012t20132013ohu\\\\\o\\\\\\00\0\eng\d
=020  \\$a9780814270141
=020  \\$z9780814212165
=020  \\$z0814212166
=020  \\$z081427014X
=035  \\$a(OCoLC)867741123
=040  \\$aMdBmJHUP$cMdBmJHUP
=100  1\$aNurhussein, Nadia,$d1974-$eautor.
=245  10$aRhetorics of Literacy : $bThe Cultivation of American Dialect Poetry / $cNadia Nurhussein.
=264  \1$aColumbus :$bOhio State University Press,$c[2013]
=264  \3$aBaltimore, Md. :$bProject MUSE, $c2013
=264  \4$c&copy;[2013]
=300  \\$a1 online resource (328 pages).
=336  \\$atext$btxt$2rdacontent
=337  \\$acomputer$bc$2rdamedia
=338  \\$aonline resource$bcr$2rdacarrier
=505  0\$aThe difficulty of dialect poetry -- Plain and peculiar dialects : Bret Harte and James Whitcomb Riley -- Lettered dialect : Paul Laurence Dunbar I -- Cultivated dialect : Paul Laurence Dunbar II -- Gendered dialect : Frances Ellen Watkins Harper and Maggie Pogue Johnson -- Annotated dialect : Claude McKay and Langston Hughes.
=506  0\$aOpen Access$fUnrestricted online access$2star
=588  \\$aDescription based on print version record.
=650  \7$aLiteracy in literature.$2fast$0(OCoLC)fst01903790
=650  \7$aDialect poetry, American.$2fast$0(OCoLC)fst00892445
=650  \7$aAmerican poetry.$2fast$0(OCoLC)fst00807348
=650  \6$aPoesie americaine$y19e siecle$xHistoire et critique.
=650  \6$aPoesie americaine$y20e siecle$xHistoire et critique.
=650  \6$aAlphabetisation dans la litterature.
=650  \0$aDialect poetry, American$xHistory and criticism.
=650  \0$aAmerican poetry$y19th century$xHistory and criticism.
=650  \0$aAmerican poetry$y20th century$xHistory and criticism.
=650  \0$aLiteracy in literature.
=655  \7$aCriticism, interpretation, etc.$2fast$0(OCoLC)fst01411635
=655  \7$aElectronic books. $2local
=710  2\$aProject Muse.$edistributor
=830  \0$aBook collections on Project MUSE.
=856  40$zFull text available: $uhttps://muse.jhu.edu/book/23953/
=945  \\$aProject MUSE - 2013 Literature
=945  \\$aProject MUSE - 2013 Complete

