=LDR  03863cam a22007574a 4500
=001  musev2_23954
=003  MdBmJHUP
=005  20241011080011.0
=006  m\\\\\o\\d\\\\\\\\
=007  cr||||||||nn|n
=008  121019s2013\\\\ohu\\\\\o\\\\\\00\0\eng\d
=010  \\$z  2012039927
=020  \\$a9780814270158
=020  \\$z0814212190
=020  \\$z9780814212196
=020  \\$z0814270158
=035  \\$a(OCoLC)867740984
=040  \\$aMdBmJHUP$cMdBmJHUP
=100  1\$aMarouan, Maha,$d1975-
=245  10$aWitches, Goddesses, and Angry Spirits : $bThe Politics of Spiritual Liberation in African Diaspora Women's Fiction / $cMaha Marouan.
=264  \1$aColumbus :$bOhio State University Press,$c2013.
=264  \3$aBaltimore, Md. :$bProject MUSE, $c2013
=264  \4$c©2013.
=300  \\$a1 online resource (208 pages).
=336  \\$atext$btxt$2rdacontent
=337  \\$acomputer$bc$2rdamedia
=338  \\$aonline resource$bcr$2rdacarrier
=505  0\$aIntroduction : Breath, eyes, memory, Paradise and I, Tituba, Black witch of Salem : a theoretical and thematic framework -- In the spirit of Erzulie : Vodou and the re-imagining of Haitian womanhood in Edwidge Danticat's Breath, eyes, memory -- "Thunder, perfect mind" : gnosticism and the utopian impulse in Toni Morrison's Paradise -- Conjuring history : the meaning of witchcraft in Maryse Conde's I, Tituba, Black witch of Salem -- Conclusion : The return of witches, goddesses, and angry spirits.
=506  0\$aOpen Access$fUnrestricted online access$2star
=520  \\$aThis book explores African diaspora religious practices as vehicles for Africana women's spiritual transformation, using representative fictions by three writers of the African Americas who compose fresh models of female spirituality.
=546  \\$aEnglish.
=588  \\$aDescription based on print version record.
=600  11$aDanticat, Edwidge,$d1969-$tBreath, eyes, memory.
=600  11$aMorrison, Toni.$tParadise.
=600  11$aConde, Maryse.$tMoi, Tituba, sorciere.
=600  10$aDanticat, Edwidge,$d1969-$tBreath, eyes, memory.
=600  10$aMorrison, Toni.$tParadise.
=600  10$aConde, Maryse.$tMoi, Tituba, sorciere.
=650  \7$aAmerican fiction$xWomen authors.$2fast$0(OCoLC)fst00807099
=650  \7$aAmerican fiction$xAfrican American authors.$2fast$0(OCoLC)fst00807049
=650  \7$aAfrican diaspora in literature.$2fast$0(OCoLC)fst01902319
=650  \7$aAfrican American women in literature.$2fast$0(OCoLC)fst00799498
=650  \7$aAfrican American women authors.$2fast$0(OCoLC)fst00799477
=650  \7$aLITERARY CRITICISM / General$2bisacsh
=650  \6$aRoman americain$xAuteurs noirs americains$xHistoire et critique.
=650  \6$aAfricains$zPays etrangers, dans la litterature.
=650  \6$aÉcrivaines noires americaines.
=650  \4$aAmerican Literature.
=650  \4$aLanguages & Literatures.
=650  \4$aEnglish.
=650  \0$aAmerican fiction$xAfrican American authors$xHistory and criticism.
=650  \0$aAmerican fiction$xWomen authors$xHistory and criticism.
=650  \0$aAfrican American women in literature.
=650  \0$aAfrican diaspora in literature.
=650  \0$aAfrican American women authors.
=630  07$aParadise (Morrison, Toni)$2fast$0(OCoLC)fst01392010
=630  07$aMoi, Tituba, sorciere (Conde, Maryse)$2fast$0(OCoLC)fst01387296
=655  \7$aCriticism, interpretation, etc.$2fast$0(OCoLC)fst01411635
=655  \7$aElectronic books. $2local
=710  2\$aProject Muse.$edistributor
=830  \0$aBook collections on Project MUSE.
=880  3\$6246-00/{dollar}1$a楗捴敨ⱳ䜠摯敤獳獥湡湁牧⁹灓物瑩
=856  40$zFull text available: $uhttps://muse.jhu.edu/book/23954/
=945  \\$aProject MUSE - 2013 Literature
=945  \\$aProject MUSE - 2013 African Studies
=945  \\$aProject MUSE - 2013 Complete

