=LDR  02502cam a22005654a 4500
=001  musev2_23955
=003  MdBmJHUP
=005  20241011080013.0
=006  m\\\\\o\\d\\\\\\\\
=007  cr||||||||nn|n
=008  121012t20132013ohu\\\\\o\\\\\\00\0\eng\d
=020  \\$a9780814270165
=020  \\$z9780814212219
=020  \\$z0814212212
=020  \\$z0814270166
=035  \\$a(OCoLC)867740785
=040  \\$aMdBmJHUP$cMdBmJHUP
=100  1\$aMueller, Alex,$d1973-$eautor.
=245  10$aTranslating Troy : $bProvincial Politics in Alliterative Romance / $cAlex Mueller.
=264  \1$aColumbus :$bOhio State University Press,$c[2013]
=264  \3$aBaltimore, Md. :$bProject MUSE, $c2013
=264  \4$c&copy;[2013]
=300  \\$a1 online resource (312 pages).
=336  \\$atext$btxt$2rdacontent
=337  \\$acomputer$bc$2rdamedia
=338  \\$aonline resource$bcr$2rdacarrier
=490  0\$aInterventions : new studies in medieval culture
=505  0\$aTranslating destruction into alliterative romance -- Genealogy : Trojan historiography in England -- War : reviving Troy -- Violence : the corporeal terror of the Roman Empire -- Heraldry : Arthur's Roman dragon -- Territory : the Trojan provinces of Britain -- Conclusion. Alliterating England.
=506  0\$aOpen Access$fUnrestricted online access$2star
=588  \\$aDescription based on print version record.
=650  \7$aTrojans in literature.$2fast$0(OCoLC)fst01157299
=650  \7$aRomances, English.$2fast$0(OCoLC)fst01099909
=650  \7$aLiterature.$2fast$0(OCoLC)fst00999953
=650  \7$aEnglish literature$xMiddle English.$2fast$0(OCoLC)fst01710961
=650  \6$aLitterature anglaise$y1100-1500 (Moyen anglais)$xHistoire et critique.
=650  \6$aTroyens dans la litterature.
=650  \6$aRoman courtois anglais.
=650  \0$aEnglish literature$yMiddle English, 1100-1500$xHistory and criticism.
=650  \0$aTrojans in literature.
=650  \0$aRomances, English.
=651  \7$aTurkey$zTroy (Extinct city)$2fast$0(OCoLC)fst01896842
=651  \6$aTroie (Ville ancienne)$xDans la litterature.
=651  \0$aTroy (Extinct city)$xIn literature.
=655  \7$aCriticism, interpretation, etc.$2fast$0(OCoLC)fst01411635
=655  \7$aElectronic books. $2local
=710  2\$aProject Muse.$edistributor
=830  \0$aBook collections on Project MUSE.
=856  40$zFull text available: $uhttps://muse.jhu.edu/book/23955/
=945  \\$aProject MUSE - 2013 Literature
=945  \\$aProject MUSE - 2013 Complete

