=LDR  02710cam a22005174a 4500
=001  musev2_23956
=003  MdBmJHUP
=005  20241011080021.0
=006  m\\\\\o\\d\\\\\\\\
=007  cr||||||||nn|n
=008  190413s2013\\\\xx\\\\\\o\\\\\\00\0\eng\d
=020  \\$a9780814270172
=020  \\$z0814212220
=020  \\$z9780814212226
=020  \\$z0814270174
=035  \\$a(OCoLC)867740804
=040  \\$aMdBmJHUP$cMdBmJHUP
=100  1\$aRichardson, Matt.
=245  14$aThe Queer Limit of Black Memory : $bBlack Lesbian Literature and Irresolution
=264  \1$aColumbus :$bOhio State University Press,$c2013.
=264  \3$aBaltimore, Md. :$bProject MUSE, $c2013
=264  \4$c&copy;2013.
=300  \\$a1 online resource (256 pages).
=336  \\$atext$btxt$2rdacontent
=337  \\$acomputer$bc$2rdamedia
=338  \\$aonline resource$bcr$2rdacarrier
=490  0\$aBlack Performance and Cultural Criticism
=505  0\$aIntro; Half Title Page; Title Page; Copyright Page; Dedication; Contents; Acknowledgments; INTRODUCTION Listening to the Archives: Black Lesbian Literature and Queer Memory; CHAPTER 1 Desirous Mistresses and Unruly Slaves: Neo-Slave Narratives, Property, Power, and Desire; CHAPTER 2 Small Movements: Queer Blues Epistemologies in Cherry Muhanji's Her; CHAPTER 3 "Mens Womens Some that is Both Some That is Neither": Spiritual Epistemology and Queering the Black Rural South in the Work of Sharon Bridgforth
=505  0\$aCHAPTER 4 "Make It Up and Trace It Back": Remembering Black Trans Subjectivity in Jackie Kay's TrumpetCHAPTER 5 What Grace Was: Erotic Epistemologies and Diasporic Belonging in Dionne Brand's In Another Place, Not Here; EPILOGUE Grieving the Queer: Anti-Black Violence and Black Collective Memory; Notes; Index; Series
=506  0\$aOpen Access$fUnrestricted online access$2star
=588  \\$aDescription based on print version record.
=600  17$aBrand, Dionne,$d1953-$2fast$0(OCoLC)fst00149551
=600  10$aBrand, Dionne,$d1953-$xCriticism and interpretation.
=650  \7$aLesbianism in literature.$2fast$0(OCoLC)fst00996536
=650  \7$aBlack people in literature.$2fast$0(OCoLC)fst00834025
=650  \6$aLesbianisme dans la litterature.
=650  \6$aPersonnes noires dans la litterature.
=650  \0$aLesbianism in literature.
=650  \0$aBlack people in literature.
=655  \7$aCriticism, interpretation, etc.$2fast$0(OCoLC)fst01411635
=655  \7$aElectronic books. $2local
=710  2\$aProject Muse.$edistributor
=830  \0$aBook collections on Project MUSE.
=856  40$zFull text available: $uhttps://muse.jhu.edu/book/23956/
=945  \\$aProject MUSE - 2013 Literature
=945  \\$aProject MUSE - 2013 Complete

