=LDR  03364cam a22005654a 4500
=001  musev2_23957
=003  MdBmJHUP
=005  20241011080021.0
=006  m\\\\\o\\d\\\\\\\\
=007  cr||||||||nn|n
=008  121221s2013\\\\ohu\\\\\o\\\\\\00\0\eng\d
=020  \\$a9780814270189
=020  \\$z0814212239
=020  \\$z0814270182
=020  \\$z9780814212233
=035  \\$a(OCoLC)867740803
=040  \\$aMdBmJHUP$cMdBmJHUP
=100  1\$aTaylor, Jamie K.,$d1975-
=245  10$aFictions of Evidence : $bWitnessing, Literature, and Community in the Late Middle Ages / $cJamie K. Taylor.
=264  \1$aColumbus :$bOhio State University Press,$c[2013]
=264  \3$aBaltimore, Md. :$bProject MUSE, $c2013
=264  \4$c&copy;[2013]
=300  \\$a1 online resource (256 pages).
=336  \\$atext$btxt$2rdacontent
=337  \\$acomputer$bc$2rdamedia
=338  \\$aonline resource$bcr$2rdacarrier
=490  0\$aInterventions: new studies in medieval culture
=505  0\$aIntroduction : Witness testimony and literary production in the later Middle Ages -- The face of a saint and the seal of a king -- Silence, testimony, and the case of Susanna -- Neighbors, witnesses, and outlaws in the fourteenth and fifteenth centuries -- Piers Plowman, book, and the testimonial body -- Witnessing, presence, and Lollard communities -- Coda : Witnessing the Middle Ages.
=506  0\$aOpen Access$fUnrestricted online access$2star
=520  \\$aThroughout the Middle Ages, witnessing was a crucial way religious and legal "truths" were understood and produced. Religious and secular officials alike harnessed the power of testimony to assert doctrinal, political, or legal responsibilities. Swearing an oath, testifying in court, and signing a deposition were common ways to shape and discipline both devotional and legal communities. In this book, the author traces depictions of witnessing in a wide range of late medieval texts and shows how witnessing practices formed and reformed, policed and challenged medieval communities. Through close study of texts like the Man of Law's Tale and Piers Plowman alongside sermon exempla, common law statutes, and pastoral treatises, this book argues that vernacular literature was a vital site of criticism and dissent.
=546  \\$aEnglish.
=588  \\$aDescription based on print version record.
=650  \7$aWitnesses in literature.$2fast$0(OCoLC)fst01176406
=650  \7$aWitnesses.$2fast$0(OCoLC)fst01176383
=650  \7$aWitness bearing (Christianity)$2fast$0(OCoLC)fst01176375
=650  \7$aEnglish literature$xMiddle English.$2fast$0(OCoLC)fst01710961
=650  \7$aLITERARY CRITICISM / General$2bisacsh
=650  \6$aLitterature anglaise$y1100-1500 (Moyen anglais)$xHistoire et critique.
=650  \6$aTemoignage (Christianisme)
=650  \0$aEnglish literature$yMiddle English, 1100-1500$xHistory and criticism.
=650  \0$aWitnesses in literature.
=650  \0$aWitnesses.
=650  \0$aWitness bearing (Christianity)
=655  \7$aCriticism, interpretation, etc.$2fast$0(OCoLC)fst01411635
=655  \7$aElectronic books. $2local
=710  2\$aProject Muse.$edistributor
=830  \0$aBook collections on Project MUSE.
=856  40$zFull text available: $uhttps://muse.jhu.edu/book/23957/
=945  \\$aProject MUSE - 2013 Literature
=945  \\$aProject MUSE - 2013 Complete

