=LDR  01321cam a22003974a 4500
=001  musev2_23963
=003  MdBmJHUP
=005  20241011080026.0
=006  m\\\\\o\\d\\\\\\\\
=007  cr||||||||nn|n
=008  201109s2013\\\\xx\\\\\\o\\\\\\00\0\eng\d
=020  \\$a9780814270301
=020  \\$z9780814211960
=020  \\$z0814270301
=020  \\$z0814211968
=035  \\$a(OCoLC)867740960
=040  \\$aMdBmJHUP$cMdBmJHUP
=100  1\$aLennard J Davis.
=245  14$aThe Madwoman and the Blindman : $bJane Eyre, Discourse, Disability
=264  \1$bOhio State University Press$c2013.
=264  \3$aBaltimore, Md. :$bProject MUSE, $c2013
=264  \4$c&copy;2013.
=300  \\$a1 online resource (208 pages).
=336  \\$atext$btxt$2rdacontent
=337  \\$acomputer$bc$2rdamedia
=338  \\$aonline resource$bcr$2rdacarrier
=506  0\$aOpen Access$fUnrestricted online access$2star
=588  \\$aDescription based on print version record.
=655  \7$aElectronic books. $2local
=700  1\$aDavid Bolt, Julia Miele Rodas,
=700  1\$aElizabeth J Donaldson.
=710  2\$aProject Muse.$edistributor
=830  \0$aBook collections on Project MUSE.
=856  40$zFull text available: $uhttps://muse.jhu.edu/book/23963/
=945  \\$aProject MUSE - 2013 Literature
=945  \\$aProject MUSE - 2013 Complete

