=LDR  04241cam a22005294a 4500
=001  musev2_24184
=003  MdBmJHUP
=005  20241011080509.0
=006  m\\\\\o\\d\\\\\\\\
=007  cr||||||||nn|n
=008  121120s2013\\\\miu\\\\\o\\\\\\00\0\eng\d
=010  \\$z  2020707065
=020  \\$a9780472900268
=020  \\$z9780472028931
=020  \\$z9780472051915
=020  \\$z9780472071913
=035  \\$a(OCoLC)867740530
=040  \\$aMdBmJHUP$cMdBmJHUP
=100  1\$aPinchbeck, Daniel.
=245  10$aDOOM : $bSCARYDARKFAST / $cDan Pinchbeck.
=264  \1$aAnn Arbor :$bUniversity of Michigan Press,$c[2013]
=264  \3$aBaltimore, Md. :$bProject MUSE, $c2013
=264  \4$c&copy;[2013]
=300  \\$a1 online resource (224 pages).
=336  \\$atext$btxt$2rdacontent
=337  \\$acomputer$bc$2rdamedia
=338  \\$aonline resource$bcr$2rdacarrier
=490  0\$aLandmark video games
=505  0\$aIntroduction : There Are a Lot of People Totally Opposed to Violence, They're All Dead. -- Eva! Auf Wiedersehen! : The Birth of a Genre -- The Speed of Light Sucks : The Rise of id -- Beefy Chunklets from Bible to Beta -- The Fastest Texture Mapping in Town : id Tech 1 -- DOOM by Numbers -- A Soundtrack for Mayhem -- All Hell Breaks Loose : Launch, Sales, and Critical Reception -- A "Shot-by-Shot" Analysis of DOOM, Part 1 : Knee Deep in the Dead -- A "Shot-by-Shot" Analysis of DOOM, Part 2 : The Shores of Hell -- A "Shot-by-Shot" Analysis of DOOM, Part 3 : Inferno -- Endgame : Why DOOM Is a Masterpiece of Game Design -- A Handful of Vertebrae and a Headful of Mad : Modding DOOM -- Not if I Frag You First : DOOM Multiplayer -- Fucked in the Dark : Ports, Sequels, and Other Unholy Offspring -- You Gibbed It Here First : DOOM as the Prototypical FPS Game -- SCARY DARKFAST : The Legacy of DOOM.
=506  0\$aOpen Access$fUnrestricted online access$2star
=520  \\$aIn December 1993, gaming changed forever. id Software's seminal shooter DOOM was released and it shook the foundations of the medium. This is a book about what is considered the most important first-person game ever made; about the blueprint that has defined one of the most successful genres of digital gaming. The author brings together the complete story of DOOM for the first time. It sets the scene with a discussion of the early days of first-person gaming and the video game studio system. It discusses the prototypes and the groundbreaking technology that drove the game forwards, and offers a detailed analysis of gameplay and level design. This is followed by sections on DOOM's contributions to wider gaming culture: online multiplay and the mod scene, and consideration of the many ports and sequels the game spawned. This analysis sets the scene for an extensive discussion of the first-person gaming genre, focusing upon DOOM's status as a foundational title, using this analysis to offer a means of better understanding how the genre has developed since 1993. The author draws extensively from primary data: from the game itself, from the massive fan culture surrounding the title, and from interviews with the developers who made it. It is this level of access to the process of development through the reflections of some of gaming's most celebrated individuals that gives the book a very particular focus and drive. It aims not only to be a work on DOOM, but a snapshot of a period of gaming history, a manifesto for a development ethos, and a celebration of game culture at its best.
=546  \\$aEnglish.
=588  \\$aDescription based on print version record.
=650  \7$aDoom 64 (Game)$2fast$0(OCoLC)fst00896875
=650  \7$aGAMES$xGeneral.$2bisacsh
=650  \7$aGAMES$xBoard.$2bisacsh
=650  \7$aHobbies, quizzes & games.$2bicssc
=650  \7$aComputer games$xonline games: strategy guides.$2bicssc
=650  \6$aDoom 64 (Jeu)
=650  \0$aDoom 64 (Game)
=655  04$bElectronic books.
=655  \7$aElectronic books. $2local
=710  2\$aProject Muse.$edistributor
=830  \0$aBook collections on Project MUSE.
=856  40$zFull text available: $uhttps://muse.jhu.edu/book/24184/
=945  \\$aProject MUSE - 2013 Film, Theater and Performing Arts
=945  \\$aProject MUSE - 2013 Complete

