=LDR  01870cam a22004814a 4500
=001  musev2_24232
=003  MdBmJHUP
=005  20241011080545.0
=006  m\\\\\o\\d\\\\\\\\
=007  cr||||||||nn|n
=008  130204t20132013ohu\\\\\o\\\\\\00\0\eng\d
=020  \\$a9780814274569
=020  \\$z0814270026
=020  \\$z9780814251867
=020  \\$z0814251862
=035  \\$a(OCoLC)868220079
=040  \\$aMdBmJHUP$cMdBmJHUP
=100  1\$aHolladay, Cary C.,$d1958-$eauthor.
=245  14$aThe Deer in the Mirror / $cCary Holladay.
=264  \1$aColumbus :$bThe Ohio State University Press,$c[2013]
=264  \3$aBaltimore, Md. :$bProject MUSE, $c2014
=264  \4$c&copy;[2013]
=300  \\$a1 online resource (208 pages).
=336  \\$atext$btxt$2rdacontent
=337  \\$acomputer$bc$2rdamedia
=338  \\$aonline resource$bcr$2rdacarrier
=505  0\$aThe deer in the mirror -- The burning -- The runaway stagecoach -- Every high hill -- The flood -- Ice hands -- The days of the peppers -- Hitching post -- Heart on a wire, a novella.
=506  0\$aOpen Access$fUnrestricted online access$2star
=588  \\$aDescription based on print version record.
=650  \7$aAmerican fiction.$2fast$0(OCoLC)fst00807048
=650  \6$aRoman americain$y21e siecle.
=650  \0$aAmerican fiction$y21st century.
=651  \7$aVirginia.$2fast$0(OCoLC)fst01204597
=651  \6$aVirginie$vRomans, nouvelles, etc.
=651  \0$aVirginia$vFiction.
=655  \7$aFiction.$2fast$0(OCoLC)fst01423787
=655  \7$aElectronic books. $2local
=710  2\$aProject Muse.
=710  2\$aProject Muse.$edistributor
=830  \0$aBook collections on Project MUSE.
=856  40$zFull text available: $uhttps://muse.jhu.edu/book/24232/
=945  \\$aProject MUSE - 2013 Poetry, Fiction and Creative Non-Fiction Supplement
=945  \\$aProject MUSE - 2013 Complete Supplement

