=LDR  03679cam a22005654a 4500
=001  musev2_24233
=003  MdBmJHUP
=005  20241011080545.0
=006  m\\\\\o\\d\\\\\\\\
=007  cr||||||||nn|n
=008  121109s2013\\\\ohu\\\\\o\\\\\\00\0\eng\d
=010  \\$z  2012041520
=020  \\$a9780814270196
=020  \\$z0814270190
=020  \\$z9780814212172
=020  \\$z0814212174
=035  \\$a(OCoLC)867740784
=040  \\$aMdBmJHUP$cMdBmJHUP
=100  1\$aChevaillier, Flore,$d1979-
=245  14$aThe Body of Writing : $bAn Erotics of Contemporary American Fiction / $cFlore Chevaillier.
=264  \1$aColumbus :$bOhio State University Press,$c[2013]
=264  \3$aBaltimore, Md. :$bProject MUSE, $c2013
=264  \4$c&copy;[2013]
=300  \\$a1 online resource (208 pages).
=336  \\$atext$btxt$2rdacontent
=337  \\$acomputer$bc$2rdamedia
=338  \\$aonline resource$bcr$2rdacarrier
=505  0\$aErotic etudes : theory of the self and language -- Semiotics and erotics in Joseph McElroy's Plus -- "A certain pulsing" : the erotic page in Carole Maso's AVA -- Erotics and corporeality in Theresa Hak Kyung Cha's DICTEE -- Bodily and literary modifications in Steve Tomasula's VAS : an opera in Flatland.
=506  0\$aOpen Access$fUnrestricted online access$2star
=520  \\$aThis book examines four postmodern texts whose authors play with the material conventions of "the book": Joseph McElroy's Plus (1977), Carole Maso's AVA (1993), Theresa Hak Kyung Cha's DICTEE (1982), and Steve Tomasula's VAS (2003). By demonstrating how each of these works calls for an affirmative engagement with literature, the author explores a centrally important issue in the criticism of contemporary fiction. Critics have claimed that experimental literature, in its disruption of conventional story-telling and language uses, resists literary and social customs. While this account is accurate, it stresses what experimental texts respond to more than what they offer. This book proposes a counter-view to this emphasis on the strictly privative character of innovative fictions by examining experimental works' positive ideas and affects, as well as readers' engagement in the formal pleasure of experimentations with image, print, sound, page, orthography, and syntax. Elaborating an erotics of recent innovative literature implies that we engage in the formal pleasure of its experimentations with signifying techniques and with the materiality of their medium. Such engagement provokes a fusion of the reader's senses and the textual material, which invites a redefinition of corporeality as a kind of textual practice.
=588  \\$aDescription based on print version record.
=650  \7$aSemiotics and literature.$2fast$0(OCoLC)fst01112369
=650  \7$aReading.$2fast$0(OCoLC)fst01090626
=650  \7$aEnglish language$xStyle.$2fast$0(OCoLC)fst00911825
=650  \7$aLITERARY CRITICISM / General$2bisacsh
=650  \6$aSemiotique et litterature.
=650  \6$aRoman americain$xHistoire et critique$xTheorie, etc.
=650  \6$aAnglais (Langue)$xStylistique.
=650  \6$aLecture.
=650  \0$aSemiotics and literature.
=650  \0$aAmerican fiction$xHistory and criticism$xTheory, etc.
=650  \0$aEnglish language$xStyle.
=650  \0$aReading.
=655  \7$aCriticism, interpretation, etc.$2fast$0(OCoLC)fst01411635
=655  \7$aElectronic books. $2local
=710  2\$aProject Muse.$edistributor
=830  \0$aBook collections on Project MUSE.
=856  40$zFull text available: $uhttps://muse.jhu.edu/book/24233/
=945  \\$aProject MUSE - 2013 Literature
=945  \\$aProject MUSE - 2013 Complete

