=LDR  05763cam a22008414a 4500
=001  musev2_24234
=003  MdBmJHUP
=005  20241011080546.0
=006  m\\\\\o\\d\\\\\\\\
=007  cr||||||||nn|n
=008  120914s2013\\\\ohu\\\\\o\\\\\\00\0\eng\d
=020  \\$a9780814270219
=020  \\$z0814270212
=020  \\$z9780814212103
=020  \\$z0814212107
=035  \\$a(OCoLC)868220080
=040  \\$aMdBmJHUP$cMdBmJHUP
=100  1\$aHouston, Gail Turley,$d1950-
=245  10$aVictorian Women Writiers, Radical Grandmothers, and the Gendering of God / $cGail Turley Houston.
=264  \1$aColumbus :$bOhio State University Press,$c2013.
=264  \3$aBaltimore, Md. :$bProject MUSE, $c2014
=264  \4$c©2013.
=300  \\$a1 online resource (208 pages).
=336  \\$atext$btxt$2rdacontent
=337  \\$acomputer$bc$2rdamedia
=338  \\$aonline resource$bcr$2rdacarrier
=490  0\$aLiterature, religion, and postsecular studies
=505  0\$aIntroduction : antecedents of the Victorian "goddess story" -- "Gods of the old mythology arise" : Charlotte Brontë's vision of the "goddess story" -- Feminist reincarnations of the Madonna : Anna Jameson and ecclesiastical debates on the immaculate conception -- Invoking "all the godheads" : Elizabeth Barrett Browning's polytheistic aesthetic -- Eve, the female messiah, and the Virgin in Florence Nightingale's personal and public papers -- Ariadne and the Madonna : the hermeneutics of the goddess in George Eliot's Romola.
=506  0\$aOpen Access$fUnrestricted online access$2star
=520  \\$a"If Victorian women writers yearned for authorial forebears, or, in Elizabeth Barrett Browning's words, for "grandmothers," there were, Gail Turley Houston argues, grandmothers who in the late eighteenth and early nineteenth centuries envisioned powerful female divinities that would reconfigure society. Like many Victorian women writers, they experienced a sense of what Barrett Browning termed "mother-want" inextricably connected to "mother-god-want." These millenarian and socialist feminist grandmothers believed the time had come for women to initiate the earthly paradise that patriarchal institutions had failed to establish. Recuperating a symbolic divine in the form of the Great Mother--a pagan Virgin Mary, a female messiah, and a titanic Eve--Joanna Southcott, Eliza Sharples, Frances Wright, and others set the stage for Victorian women writers to envision and impart emanations of puissant Christian and pagan goddesses, enabling them to acquire the authorial legitimacy patriarchal culture denied them. Though the Victorian authors studied by Houston--Barrett Browning, Charlotte Brontë, Florence Nightingale, Anna Jameson, and George Eliot--often masked progressive rhetoric, even in some cases seeming to reject these foremothers, their radical genealogy reappeared in mystic, metaphysical revisions of divinity that insisted that deity be understood, at least in part, as substantively female."--Publisher's description.
=588  \\$aDescription based on print version record.
=600  17$aNightingale, Florence,$d1820-1910.$2fast$0(OCoLC)fst00042325
=600  17$aJameson,$cMrs.$q(Anna),$d1794-1860.$2fast$0(OCoLC)fst00009609
=600  17$aEliot, George,$d1819-1880.$2fast$0(OCoLC)fst00034497
=600  17$aBrowning, Elizabeth Barrett,$d1806-1861.$2fast$0(OCoLC)fst00037867
=600  17$aBrontë, Charlotte,$d1816-1855.$2fast$0(OCoLC)fst00035263
=600  11$aBrontë, Charlotte,$d1816-1855$xCriticism and interpretation.
=600  11$aJameson,$cMrs.$q(Anna),$d1794-1860$xCriticism and interpretation.
=600  11$aBrowning, Elizabeth Barrett,$d1806-1861$xCriticism and interpretation.
=600  11$aNightingale, Florence,$d1820-1910$xCriticism and interpretation.
=600  11$aEliot, George,$d1819-1880$xCriticism and interpretation.
=600  10$aBrontë, Charlotte,$d1816-1855$xCriticism and interpretation.
=600  10$aJameson,$cMrs.$q(Anna),$d1794-1860$xCriticism and interpretation.
=600  10$aBrowning, Elizabeth Barrett,$d1806-1861$xCriticism and interpretation.
=600  10$aNightingale, Florence,$d1820-1910$xCriticism and interpretation.
=600  10$aEliot, George,$d1819-1880$xCriticism and interpretation.
=650  \7$aReligion$2gnd
=650  \7$aFrauenliteratur$2gnd
=650  \7$aEnglisch$2gnd
=650  \7$aWomen authors, English.$2fast$0(OCoLC)fst01177253
=650  \7$aReligion in literature.$2fast$0(OCoLC)fst01732559
=650  \7$aReligion and literature.$2fast$0(OCoLC)fst01093839
=650  \7$aGoddess religion in literature.$2fast$0(OCoLC)fst00944179
=650  \7$aEnglish literature$xWomen authors.$2fast$0(OCoLC)fst00912218
=650  \7$aEnglish literature.$2fast$0(OCoLC)fst00911989
=650  \6$aÉcrits de femmes anglais$xHistoire et critique.
=650  \6$aLitterature anglaise$y19e siecle$xHistoire et critique.
=650  \6$aÉcrivaines anglaises$y19e siecle.
=650  \6$aReligion et litterature.
=650  \6$aReligion dans la litterature.
=650  \0$aEnglish literature$xWomen authors$xHistory and criticism.
=650  \0$aEnglish literature$y19th century$xHistory and criticism.
=650  \0$aWomen authors, English$y19th century.
=650  \0$aReligion and literature.
=650  \0$aReligion in literature.
=650  \0$aGoddess religion in literature.
=655  \7$aCriticism, interpretation, etc.$2fast$0(OCoLC)fst01411635
=655  \7$aElectronic books. $2local
=710  2\$aProject Muse.$edistributor
=830  \0$aBook collections on Project MUSE.
=856  40$zFull text available: $uhttps://muse.jhu.edu/book/24234/
=945  \\$aProject MUSE - 2012 Literature Supplement II
=945  \\$aProject MUSE - 2012 Complete Supplement II

