=LDR  03205cam a22006014a 4500
=001  musev2_24235
=003  MdBmJHUP
=005  20241011080546.0
=006  m\\\\\o\\d\\\\\\\\
=007  cr||||||||nn|n
=008  130215s2013\\\\ohu\\\\\o\\\\\\00\0\eng\d
=010  \\$z  2013002295
=020  \\$a9780814270226
=020  \\$z0814270220
=020  \\$z9780814212189
=020  \\$z0814212182
=035  \\$a(OCoLC)867740802
=040  \\$aMdBmJHUP$cMdBmJHUP
=100  1\$aKanwit, John Paul M.,$d1972-
=245  10$aVictorian Art Criticism and the Woman Writer / $cJohn Paul M. Kanwit.
=264  \1$aColumbus :$bOhio State University Press,$c2013.
=264  \3$aBaltimore, Md. :$bProject MUSE, $c2013
=264  \4$c©2013.
=300  \\$a1 online resource (216 pages): $billustrations ;
=336  \\$atext$btxt$2rdacontent
=337  \\$acomputer$bc$2rdamedia
=338  \\$aonline resource$bcr$2rdacarrier
=505  0\$aEncouraging visual literacy : early-Victorian state sponsorship of the arts and the growing need for expert art commentary -- "Mere outward appearances"? Teaching household taste and social perception in Elizabeth Gaskell's North and south and contemporary art commentary -- "My name is the right one" : Lady Elizabeth (Rigby) Eastlake and the story of professional art criticism -- "I have often wished in vain for another's judgment" : modeling ideal aesthetic commentary in Anne Brontë's The tenant of Wildfell Hall -- A new kind of elitism? Art criticism and mid-Victorian exhibitions -- Interpreting Cleopatra : aesthetic guidance in Charlotte Brontë's Villette and George Eliot's Middlemarch -- Sensational sentiments : impressionism and the protection of difficulty in late-Victorian art criticism -- Conclusion : "An astonishingly tasteless idea"? Artistic value after September 11.
=506  0\$aOpen Access$fUnrestricted online access$2star
=588  \\$aDescription based on print version record.
=650  \7$aSchriftstellerin$2gnd
=650  \7$aKunstkritik$2gnd
=650  \7$aFrauenliteratur$2gnd
=650  \7$aEnglisch$2gnd
=650  \7$aWomen art critics.$2fast$0(OCoLC)fst01177147
=650  \7$aEnglish literature$xWomen authors.$2fast$0(OCoLC)fst00912218
=650  \7$aArt criticism.$2fast$0(OCoLC)fst00815492
=650  \6$aÉcrits de femmes anglais$xHistoire et critique.
=650  \6$aFemmes critiques d'art$zGrande-Bretagne$xHistoire$y19e siecle.
=650  \6$aCritique d'art$zGrande-Bretagne$xHistoire$y19e siecle.
=650  \0$aEnglish literature$xWomen authors$xHistory and criticism.
=650  \0$aWomen art critics$zGreat Britain$xHistory$y19th century.
=650  \0$aArt criticism$zGreat Britain$xHistory$y19th century.
=651  \7$aGrossbritannien$2gnd
=651  \7$aGreat Britain.$2fast$0(OCoLC)fst01204623
=655  \7$aHistory.$2fast$0(OCoLC)fst01411628
=655  \7$aCriticism, interpretation, etc.$2fast$0(OCoLC)fst01411635
=655  \7$aElectronic books. $2local
=710  2\$aProject Muse.$edistributor
=830  \0$aBook collections on Project MUSE.
=856  40$zFull text available: $uhttps://muse.jhu.edu/book/24235/
=945  \\$aProject MUSE - 2013 Literature
=945  \\$aProject MUSE - 2013 Complete

