=LDR  02555cam a22006374a 4500
=001  musev2_24236
=003  MdBmJHUP
=005  20241011080547.0
=006  m\\\\\o\\d\\\\\\\\
=007  cr||||||||nn|n
=008  121130s2013\\\\ohu\\\\\o\\\\\\00\0\eng\d
=020  \\$a9780814270233
=020  \\$z0814270239
=020  \\$z0814212204
=020  \\$z9780814212202
=035  \\$a(OCoLC)867740959
=040  \\$aMdBmJHUP$cMdBmJHUP
=100  1\$aMcKinney, Mark,$d1961-
=245  10$aRedrawing French Empire Comics / $cMark McKinney.
=264  \1$aColumbus :$bOhio State University Press,$c2013.
=264  \3$aBaltimore, Md. :$bProject MUSE, $c2013
=264  \4$c&copy;2013.
=300  \\$a1 online resource (304 pages).
=336  \\$atext$btxt$2rdacontent
=337  \\$acomputer$bc$2rdamedia
=338  \\$aonline resource$bcr$2rdacarrier
=490  0\$aStudies in comics and cartoons
=505  0\$aRedrawing French empire in comics. An introduction -- Redrawing colonial Algeria -- The fall of French Indochina -- The Algerian war and its aftermath -- The voyage out and the voyage in.
=506  0\$aOpen Access$fUnrestricted online access$2star
=588  \\$aDescription based on print version record.
=650  \7$aLiterature.$2fast$0(OCoLC)fst00999953
=650  \7$aImperialism in popular culture.$2fast$0(OCoLC)fst01903570
=650  \7$aFrench colonies.$2fast$0(OCoLC)fst01930852
=650  \7$aComic books, strips, etc.$2fast$0(OCoLC)fst00869145
=650  \6$aImperialisme dans la culture populaire$zFrance.
=650  \0$aComic books, strips, etc.$zFrance$xHistory and criticism.
=650  \0$aImperialism in popular culture$zFrance.
=651  \7$aIndochina.$2fast$0(OCoLC)fst01243492
=651  \7$aFrance.$2fast$0(OCoLC)fst01204289
=651  \7$aAlgeria.$2fast$0(OCoLC)fst01205459
=651  \6$aFrance$xColonies$xDans la litterature.
=651  \6$aFrance$xColonies$xHistoire.
=651  \6$aIndochine$xHistoire.
=651  \0$aFrance$xColonies$xIn literature.
=651  \0$aFrance$xColonies$xHistory.
=651  \0$aAlgeria$xHistory$y1830-1962.
=651  \0$aIndochina$xHistory.
=655  \7$aHistory.$2fast$0(OCoLC)fst01411628
=655  \7$aCriticism, interpretation, etc.$2fast$0(OCoLC)fst01411635
=655  \7$aElectronic books. $2local
=710  2\$aProject Muse.
=710  2\$aProject Muse.$edistributor
=830  \0$aBook collections on Project MUSE.
=856  40$zFull text available: $uhttps://muse.jhu.edu/book/24236/
=945  \\$aProject MUSE - 2013 Literature
=945  \\$aProject MUSE - 2013 Complete

