=LDR  03432cam a22006494a 4500
=001  musev2_26089
=003  MdBmJHUP
=005  20241011082822.0
=006  m\\\\\o\\d\\\\\\\\
=007  cr||||||||nn|n
=008  101123s2011\\\\nyu\\\\\o\\\\\\00\0\eng\d
=020  \\$a9780801461255
=020  \\$z9780801449666
=020  \\$z9780801460777
=020  \\$z9780801456763
=035  \\$a(OCoLC)742515532
=040  \\$aMdBmJHUP$cMdBmJHUP
=100  1\$aHyde, Susan D.
=245  14$aThe Pseudo-Democrat's Dilemma : $bWhy Election Observation Became an International Norm / $cSusan D. Hyde.
=264  \1$aIthaca :$bCornell University Press,$c2011.
=264  \3$aBaltimore, Md. :$bProject MUSE, $c2014
=264  \4$c©2011.
=300  \\$a1 online resource (264 pages): $billustrations
=336  \\$atext$btxt$2rdacontent
=337  \\$acomputer$bc$2rdamedia
=338  \\$aonline resource$bcr$2rdacarrier
=505  0\$aSignaling democracy and the norm of internationally observed elections -- Sovereign leaders and the decision to invite observers -- Democracy-contingent benefits -- Does election monitoring matter? -- The quality of monitoring and strategic manipulation -- Conclusion : constrained leaders and changing international expectations.
=506  0\$aOpen Access$fUnrestricted online access$2star
=520  \\$aWhy did election monitoring become an international norm? Why do "pseudo-democrats" (undemocratic leaders who present themselves as democratic) invite international observers, even when they are likely to be caught manipulating elections? Is election observation an effective tool of democracy promotion, or is it simply a way to legitimize electoral autocracies? This book uses cross-national data on election observations since 1960 and case studies of Armenia, Indonesia, Haiti, Peru, Togo, and Zimbabwe to explain international election monitoring with a new theory of international norms
=546  \\$aIn English.
=588  \\$aDescription based on print version record.
=650  \7$aInternational relations.$2fast$0(OCoLC)fst00977053
=650  \7$aElections$xCorrupt practices.$2fast$0(OCoLC)fst00904333
=650  \7$aElection monitoring.$2fast$0(OCoLC)fst00904316
=650  \7$aDemocratization.$2fast$0(OCoLC)fst00890123
=650  \7$aPOLITICAL SCIENCE$xPolitical Process$xGeneral.$2bisacsh
=650  \7$aPOLITICAL SCIENCE$xPolitical Process$xElections.$2bisacsh
=650  \7$aPOLITICAL SCIENCE$xPolitical Process$vGeneral.$2bisacsh
=650  \7$aPolitical structures: democracy.$2bicssc
=650  \7$aPolitical structure and processes.$2bicssc
=650  \7$aPolitics and government.$2bicssc
=650  \7$aSociety and social sciences Society and social sciences.$2bicssc
=650  \7$ainternational relations.$2aat
=650  \6$aRelations internationales.
=650  \6$aDemocratisation.
=650  \6$aCorruption electorale.
=650  \6$aÉlections$xObservation.
=650  \0$aInternational relations.
=650  \0$aDemocratization.
=650  \0$aElections$xCorrupt practices.
=650  \0$aElection monitoring.
=655  \7$aElectronic books. $2local
=710  2\$aProject Muse.$edistributor
=830  \0$aBook collections on Project MUSE.
=856  40$zFull text available: $uhttps://muse.jhu.edu/book/26089/
=945  \\$aProject MUSE - Archive Complete Supplement II
=945  \\$aProject MUSE - Archive Political Science and Policy Studies Supplement II

