=LDR  03004cam a22004934a 4500
=001  musev2_26546
=003  MdBmJHUP
=005  20241011083345.0
=006  m\\\\\o\\d\\\\\\\\
=007  cr||||||||nn|n
=008  130913s2013\\\\nhu\\\\\o\\\\\\00\0\eng\d
=020  \\$a9781611684636
=020  \\$z9781611684612
=020  \\$z1611684633
=035  \\$a(OCoLC)857968077
=040  \\$aMdBmJHUP$cMdBmJHUP
=100  1\$aSpanos, William V.
=245  10$aShock and Awe : $bAmerican Exceptionalism and the Imperatives of the Spectacle in Mark Twain's A Connecticut Yankee in King Arthur's Court / $cWilliam V. Spanos.
=264  \1$aHanover, New Hampshire :$bDartmouth College Press,$c[2013]
=264  \3$aBaltimore, Md. :$bProject MUSE, $c2013
=264  \4$c&copy;[2013]
=300  \\$a1 online resource (240 pages).
=336  \\$atext$btxt$2rdacontent
=337  \\$acomputer$bc$2rdamedia
=338  \\$aonline resource$bcr$2rdacarrier
=490  0\$aRe-Mapping the Transnational : A Dartmouth Series in American Studies
=505  0\$aAmerican Exceptionalism : A Genealogy -- A Connecticut Yankee as American Jeremiad : The Historical Context -- Americanist Criticism of A Connecticut Yankee : A Critical History -- Staging the Spectacle : A Contrapuntal Reading of A Connecticut Yankee -- A Connecticut Yankee and America's "War on Terror" : Thinking the Spectacle.
=506  0\$aOpen Access$fUnrestricted online access$2star
=520  \\$aInspired by the foreign policy entanglements of the early twenty-first century, the author offers a dramatic interpretation of Twain's classic A Connecticut Yankee in King Arthur's Court, providing an assessment of American exceptionalism and the place of a global America in the American imaginary. The author asserts that Twain identifies with his protagonist, particularly in his defining use of the spectacle, and thus with an American exceptionalism that uncannily anticipates the George W. Bush administration's normalization of the state of exception and the imperial policy of "preemptive war," unilateral "regime change," and "shock and awe" tactics.
=546  \\$aEnglish.
=588  \\$aDescription based on print version record.
=600  11$aTwain, Mark,$d1835-1910.$tConnecticut Yankee in King Arthur's court.
=600  10$aTwain, Mark,$d1835-1910.$tConnecticut Yankee in King Arthur's court.
=650  \7$aNational characteristics, American, in literature.$2fast$0(OCoLC)fst01033350
=650  \7$aHUMOR$xGeneral.$2bisacsh
=650  \7$aLITERARY CRITICISM$xAmerican$xGeneral.$2bisacsh
=650  \0$aNational characteristics, American, in literature.
=630  07$aConnecticut Yankee in King Arthur's court (Twain, Mark)$2fast$0(OCoLC)fst01357196
=655  \7$aElectronic books. $2local
=710  2\$aProject Muse.$edistributor
=830  \0$aBook collections on Project MUSE.
=856  40$zFull text available: $uhttps://muse.jhu.edu/book/26546/
=945  \\$aProject MUSE - 2013 Literature
=945  \\$aProject MUSE - 2013 Complete

