=LDR  04152cam a22008174a 4500
=001  musev2_26836
=003  MdBmJHUP
=005  20241011083708.0
=006  m\\\\\o\\d\\\\\\\\
=007  cr||||||||nn|n
=008  131007s2013\\\\gau\\\\\o\\\\\\00\0\eng\d
=020  \\$a9780820344799
=020  \\$z0820344354
=020  \\$z9780820344355
=020  \\$z0820344796
=035  \\$a(OCoLC)859536727
=040  \\$aMdBmJHUP$cMdBmJHUP
=100  1\$aMilian, Claudia.
=245  10$aLatining America : $bBlack-Brown Passages and the Coloring of Latino/a Studies / $cClaudia Milian.
=264  \1$aAthens :$bUniversity of Georgia Press,$c[2013]
=264  \3$aBaltimore, Md. :$bProject MUSE, $c2013
=264  \4$c©[2013]
=300  \\$a1 online resource (288 pages): $billustrations
=336  \\$atext$btxt$2rdacontent
=337  \\$acomputer$bc$2rdamedia
=338  \\$aonline resource$bcr$2rdacarrier
=490  0\$aThe new southern studies
=505  0\$aIntroduction : The Copiousness of Latin -- Southern Latinities -- Passing Latinities -- Indigent Latinities -- Disorienting Latinities -- Epilogue.
=506  0\$aOpen Access$fUnrestricted online access$2star
=520  \\$aWith this book, the author proposes that the economies of blackness, brownness, and dark brownness summon a new grammar for Latino/a studies that she names "Latinities." The author's innovative study argues that this ensnared economy of meaning startles the typical reading practices deployed for brown Latino/a embodiment. This book keeps company with and challenges existent models of Latinidad, demanding a distinct paradigm that puts into question what is understood as Latino and Latina.
=546  \\$aEnglish.
=588  \\$aDescription based on print version record.
=650  \7$aRace$xSocial aspects$2fast$0(OCoLC)fst01086449
=650  \7$aRace relations$2fast$0(OCoLC)fst01086509
=650  \7$aHispanic Americans$xStudy and teaching (Higher)$2fast$0(OCoLC)fst00957609
=650  \7$aHispanic Americans$xIntellectual life$2fast$0(OCoLC)fst00957568
=650  \7$aHispanic Americans$xEthnic identity$2fast$0(OCoLC)fst00957556
=650  \7$aEthnicity in literature$2fast$0(OCoLC)fst00916067
=650  \7$aEthnic relations$2fast$0(OCoLC)fst00916005
=650  \7$aCultural pluralism$2fast$0(OCoLC)fst01715991
=650  \7$aAmerican literature$xHispanic American authors$2fast$0(OCoLC)fst00807169
=650  \7$aSOCIAL SCIENCE$xEthnic Studies$xHispanic American Studies.$2bisacsh
=650  \7$aSOCIAL SCIENCE$xMinority Studies.$2bisacsh
=650  \7$aSOCIAL SCIENCE$xDiscrimination & Race Relations.$2bisacsh
=650  \6$aDiversite culturelle$zÉtats-Unis.
=650  \6$aRace$xAspect social$zÉtats-Unis.
=650  \6$aLitterature americaine$xAuteurs americains d'origine latino-americaine$xHistoire et critique.
=650  \6$aEthnicite dans la litterature.
=650  \6$aAmericains d'origine latino-americaine$xVie intellectuelle.
=650  \6$aAmericains d'origine latino-americaine$xIdentite ethnique.
=650  \0$aCultural pluralism$zUnited States.
=650  \0$aRace$xSocial aspects$zUnited States.
=650  \0$aAmerican literature$xHispanic American authors$xHistory and criticism.
=650  \0$aEthnicity in literature.
=650  \0$aHispanic Americans$xIntellectual life.
=650  \0$aHispanic Americans$xStudy and teaching (Higher)
=650  \0$aHispanic Americans$xRace identity.
=650  \0$aHispanic Americans$xEthnic identity.
=651  \7$aUnited States$2fast$0(OCoLC)fst01204155
=651  \6$aÉtats-Unis$xRelations raciales.
=651  \6$aÉtats-Unis$xRelations interethniques.
=651  \0$aUnited States$xRace relations.
=651  \0$aUnited States$xEthnic relations.
=655  \7$aCriticism, interpretation, etc.$2fast$0(OCoLC)fst01411635
=655  \7$aElectronic books. $2local
=710  2\$aProject Muse.$edistributor
=830  \0$aBook collections on Project MUSE.
=856  40$zFull text available: $uhttps://muse.jhu.edu/book/26836/
=945  \\$aProject MUSE - 2013 Higher Education
=945  \\$aProject MUSE - 2013 American Studies
=945  \\$aProject MUSE - 2013 Complete

