=LDR  04087cam a22006734a 4500
=001  musev2_26905
=003  MdBmJHUP
=005  20241011083800.0
=006  m\\\\\o\\d\\\\\\\\
=007  cr||||||||nn|n
=008  130614s2013\\\\nhu\\\\\o\\\\\\00\0\eng\d
=010  \\$z  2012046204
=020  \\$a9781611684063
=020  \\$z1611684064
=020  \\$z9781611684186
=035  \\$a(OCoLC)848163641
=040  \\$aMdBmJHUP$cMdBmJHUP
=245  04$aThe Imaginary and Its Worlds : $bAmerican Studies after the Transnational Turn / $cedited by Laura Bieger, Ramón Saldívar, and Johannes Voelz.
=264  \1$aHanover, N.H. :$bDartmouth College Press,$c2013.
=264  \3$aBaltimore, Md. :$bProject MUSE, $c2013
=264  \4$c©2013.
=300  \\$a1 online resource (312 pages).
=336  \\$atext$btxt$2rdacontent
=337  \\$acomputer$bc$2rdamedia
=338  \\$aonline resource$bcr$2rdacarrier
=490  0\$aRe-mapping the transnational: a Dartmouth series in American studies
=500  \\$aBased on papers originally presented at a 2009 conference hosted at the John-F.-Kennedy-Institut of the Freie Universität Berlin.
=505  0\$aThe Imaginary and its Worlds: an Introduction / Laura Bieger, Ramón Saldívar, Johannes Voelz -- Literary Imaginaries. Imagining Cultures: The Transnational Imaginary in Postrace America / Ramón Saldívar -- The Necessary Fragmentation of the (U.S.) Literary-Cultural Imaginary / Lawrence Buell -- Imaginaries of American Modernism / Heinz Ickstadt -- Social Imaginaries. William James versus Charles Taylor: Philosophy of Religion and the Confines of the Social and Cultural Imaginaries / Herwig Friedl -- The Shaping of We-Group Identities in the African American Community: A Perspective of Figurational Sociology on the Cultural Imaginary / Christa Buschendorf -- Russia's Californio Romance: The Other Shores of Whitman's Pacific / Lene Johannessen -- Form Games: Staging Life in the Systems Epoch / Mark Seltzer -- Political Imaginaries. Real Toads / Walter Benn Michaels -- Obama Unwound: the Romanticism of Victory and the Defeat of Compromise / Christopher Newfield -- Barack Obama's Orphic Mysteries / Donald E. Pease -- Coda. The Imaginary and the Second Narrative: Reading as Transfer / Winfried Fluck.
=506  0\$aOpen Access$fUnrestricted online access$2star
=520  \\$aA study of the American imaginary in transnational America.
=588  \\$aDescription based on print version record.
=650  \7$aTransnationalism in literature.$2fast$0(OCoLC)fst01904970
=650  \7$aTransnationalism.$2fast$0(OCoLC)fst01154884
=650  \7$aLiterature and transnationalism.$2fast$0(OCoLC)fst01762400
=650  \7$aCulture in literature.$2fast$0(OCoLC)fst00885113
=650  \7$aAmerican literature.$2fast$0(OCoLC)fst00807113
=650  \7$aLITERARY CRITICISM$xAmerican$xGeneral.$2bisacsh
=650  \6$aTransnationalisme$vCongres.
=650  \6$aLitterature et transnationalisme$zÉtats-Unis$vCongres.
=650  \6$aCulture dans la litterature$vCongres.
=650  \6$aTransnationalisme dans la litterature$vCongres.
=650  \0$aTransnationalism$vCongresses.
=650  \0$aLiterature and transnationalism$zUnited States$vCongresses.
=650  \0$aCulture in literature$vCongresses.
=650  \0$aTransnationalism in literature$vCongresses.
=650  \0$aAmerican literature$xHistory and criticism$vCongresses.
=651  \7$aUnited States.$2fast$0(OCoLC)fst01204155
=655  \7$aCriticism, interpretation, etc.$2fast$0(OCoLC)fst01411635
=655  \7$aConference papers and proceedings.$2fast$0(OCoLC)fst01423772
=655  \7$aElectronic books. $2local
=700  1\$aVoelz, Johannes,$eeditor.
=700  1\$aSaldívar, Ramón,$d1949-$eeditor.
=700  1\$aBieger, Laura,$eeditor.
=710  2\$aProject Muse.$edistributor
=830  \0$aBook collections on Project MUSE.
=856  40$zFull text available: $uhttps://muse.jhu.edu/book/26905/
=945  \\$aProject MUSE - 2013 Higher Education
=945  \\$aProject MUSE - 2013 American Studies
=945  \\$aProject MUSE - 2013 Complete

