=LDR  03767cam a22006854a 4500
=001  musev2_26913
=003  MdBmJHUP
=005  20241011083804.0
=006  m\\\\\o\\d\\\\\\\\
=007  cr||||||||nn|n
=008  121227s2012\\\\gw\\\\\\o\\\\\\00\0\eng\d
=020  \\$a9781611682298
=020  \\$z9781584657972
=020  \\$z1611682290
=035  \\$a(OCoLC)489726354
=040  \\$aMdBmJHUP$cMdBmJHUP
=100  1\$aScott, William C.
=245  14$aArtistry of the Homeric Simile
=264  \1$aHanover :$bDartmouth College Press,$c2012.
=264  \3$aBaltimore, Md. :$bProject MUSE, $c2015
=264  \4$c©2012.
=300  \\$a1 online resource (282 pages).
=336  \\$atext$btxt$2rdacontent
=337  \\$acomputer$bc$2rdamedia
=338  \\$aonline resource$bcr$2rdacarrier
=505  0\$aPreface ·; CHAPTER ONE; Similes, the Shield of Achilles, and Other Digressions ·; The Usefulness of Book Divisions ·; CHAPTER TWO; The Simileme: The Background of the Homeric Simile ·; The Oral Nature of Homeric Verse ·; The Simileme ·; Homer and His Audience ·; Simile and Simileme ·; CHAPTER THREE; Homer's Use of Similes to Delineate Character and Plot ·; Iliad, Book 2: Ironic Characterization ·; The Similes of Book 2 ·; The Role of Similes in Book 2 ·; Iliad, Books 21 and 22: Similes to Show a Thematic Contrast ·; Iliad, Book 11: Similes to Mark a Shifting Scene ·; Conclusion ·
=505  0\$aCHAPTER FOURSimiles to Delineate a Narrative Theme ·; Iliad, Book 12: Direct Focus on a Single Theme ·; Iliad, Book 5: The Use of Parallel Similemes to Create a Unified Theme ·; Odyssey, Book 22: Similes to Interpret Typical Actions ·; Odyssey, Book 5: Thematic Similes ·; Conclusion ·; CHAPTER FIVE; Problem Books ·; Iliad, Book 13: The Ordering of Conscious Chaos ·; Iliad, Book 17: Similes as Guides through a Series of Type Scenes ·; Iliad, Book 16: Similes for Complexity ·; Conclusion ·; CHAPTER SIX; The Creative Poet and the Co-creating Audience ·; The Simile within the Narrative ·
=505  0\$aThe Poet's Choices in Forming the Individual Simile ·The Creative Moment: Poet and Audience ·; Charts of Similemes: The Basic Motifs ·; Notes ·; Bibliography ·; Index ·
=506  0\$aOpen Access$fUnrestricted online access$2star
=520  \\$aAn examination of the aesthetic qualities of the Homeric simile.
=588  \\$aDescription based on print version record.
=650  \7$aSimile.$2fast$0(OCoLC)fst01119098
=650  \7$aRhetoric, Ancient.$2fast$0(OCoLC)fst01096982
=650  \7$aOral tradition.$2fast$0(OCoLC)fst01047117
=650  \7$aOral-formulaic analysis.$2fast$0(OCoLC)fst01047128
=650  \7$aGreek language$xFigures of speech.$2fast$0(OCoLC)fst00947207
=650  \6$aGrec (Langue)$xFigures de rhetorique.
=650  \6$aAnalyse des formules orales.
=650  \6$aTradition orale$zGrece.
=650  \6$aRhetorique ancienne.
=650  \6$aComparaison (Rhetorique)
=650  \4$aSimile.
=650  \4$aRhetoric, Ancient.
=650  \4$aOral-formulaic analysis.
=650  \4$aOral tradition$zGreece.
=650  \4$aHomer$xLiterary style.
=650  \4$aGreek language$xFigures of speech.
=650  \0$aGreek language$xFigures of speech.
=650  \0$aOral-formulaic analysis.
=650  \0$aOral tradition$zGreece.
=650  \0$aRhetoric, Ancient.
=650  \0$aSimile.
=600  01$aHomer$xLiterary style.
=651  \7$aGreece.$2fast$0(OCoLC)fst01208380
=655  \7$aElectronic books. $2local
=710  2\$aProject Muse.$edistributor
=830  \0$aBook collections on Project MUSE.
=856  40$zFull text available: $uhttps://muse.jhu.edu/book/26913/
=945  \\$aProject MUSE - Archive Complete Supplement III
=945  \\$aProject MUSE - Archive Literature Supplement III

