=LDR  04118cam a22005294a 4500
=001  musev2_26926
=003  MdBmJHUP
=005  20241011083814.0
=006  m\\\\\o\\d\\\\\\\\
=007  cr||||||||nn|n
=008  131127r20132014gau\\\\\o\\\\\\00\0\eng\d
=020  \\$a9780820346380
=020  \\$z0820346381
=035  \\$a(OCoLC)867739539
=040  \\$aMdBmJHUP$cMdBmJHUP
=043  \\$as------
=050  \4$aHD9574.S62$bV37 2014
=082  0\$a333.8/23098$223
=100  1\$aVasquez, Patricia I.,$eauthor.
=245  10$aOil Sparks in the Amazon : $bLocal Conflicts, Indigenous Populations, and Natural Resources / $cPatricia I Vasquez.
=264  \1$aBaltimore, Maryland :$bProject Muse,$c2013
=264  \3$aBaltimore, Md. :$bProject MUSE, $c2013
=264  \4$c&copy;2013
=300  \\$a1 online resource (200 pages): $billustrations, maps.
=336  \\$atext$btxt$2rdacontent
=337  \\$acomputer$bc$2rdamedia
=338  \\$aonline resource$bcr$2rdacarrier
=490  0\$aStudies in security and international affairs
=500  \\$aIssued as part of book collections on Project MUSE.
=504  \\$aIncludes bibliographical references (pages [151]-167) and index.
=505  0\$aList of illustrations -- Preface -- Introduction -- Tracing oil- and gas- related conflicts -- Indigenous peoples and natural resource development -- Structural causes of local conflicts -- Transient triggers of local conflicts -- Conclusion -- Notes -- Bibliography -- Index.
=506  0\$aOpen Access$fUnrestricted online access$2star
=520  \\$aFor decades, studies of oil-related conflicts have focused on the effects of natural resource mismanagement, resulting in great economic booms and busts or violence as rebels fight ruling governments over their regions' hydrocarbon resources. In Oil Sparks in the Amazon, Patricia I. Vasquez writes that while oil busts and civil wars are common, the tension over oil in the Amazon has played out differently, in a way inextricable from the region itself. Oil disputes in the Amazon primarily involve local indigenous populations. These groups' social and cultural identities differ from the rest of the population, and the diverse disputes over land, displacement, water contamination, jobs, and wealth distribution reflect those differences. Vasquez spent fifteen years traveling to the oil producing regions of Latin America, conducting hundreds of interviews with the stakeholders in local conflicts. She analyzes fifty-five social and environmental clashes related to oil and gas extraction in the Andean countries (Peru, Ecuador, and Colombia). She also examines what triggers local hydrocarbons disputes and offers policy recommendations to resolve or prevent them. Vasquez argues that each case should be analyzed with attention to its specific sociopolitical and economic context. She shows how the key to preventing disputes that lead to local conflicts is to address structural flaws (such as poor governance and inadequate legal systems) and nonstructural flaws (such as stakeholders' attitudes and behavior) at the outset. Doing this will require more than strong political commitments to ensure the equitable distribution of oil and gas revenues. It will require attention to the local values and culture as well.
=588  \\$aDescription based on print version record.
=650  \0$aSocial conflict$zSouth America.
=650  \0$aIndians of South America$xSocial conditions.
=650  \0$aPetroleum industry and trade$xEnvironmental aspects$zSouth America.
=650  \0$aPetroleum industry and trade$xSocial aspects$zSouth America.
=655  \7$aElectronic books. $2local
=710  2\$aProject Muse,$edistributor.
=776  18$iPrint version:$w(DLC)  2013014541$z082034561$z9780820345611$z0820345628$z9780820345628
=710  2\$aProject Muse.$edistributor
=830  \0$aStudies in security and international affairs.
=830  \0$aBook collections on Project MUSE.
=856  40$zFull text available: $uhttps://muse.jhu.edu/book/26926/
=945  \\$aProject MUSE - 2013 Political Science and Policy Studies
=945  \\$aProject MUSE - 2013 Complete

