=LDR  03882cam a22006494a 4500
=001  musev2_27320
=003  MdBmJHUP
=005  20241011084301.0
=006  m\\\\\o\\d\\\\\\\\
=007  cr||||||||nn|n
=008  131108s2013\\\\nyu\\\\\o\\\\\\00\0\eng\d
=020  \\$a9780801469404
=020  \\$z9780801452116
=020  \\$z0801469406
=020  \\$z0801452112
=035  \\$a(OCoLC)863593897
=040  \\$aMdBmJHUP$cMdBmJHUP
=100  1\$aKleine, Mareike,$eauthor.
=245  10$aInformal Governance in the European Union : $bHow Governments Make International Organizations Work / $cMareike Kleine.
=264  \1$aIthaca, New York :$bCornell University Press,$c2013.
=264  \3$aBaltimore, Md. :$bProject MUSE, $c2015
=264  \4$c&copy;2013.
=300  \\$a1 online resource (240 pages).
=336  \\$atext$btxt$2rdacontent
=337  \\$acomputer$bc$2rdamedia
=338  \\$aonline resource$bcr$2rdacarrier
=505  0\$aLiberal regime theory -- Formal and informal governance in the European Union -- Adding brakes to the motor : the Commission's agenda-setting power -- Communication cords : decision-making in the Council and the Parliament -- On an elusive ripcord : the implementation of EU policies -- Knowing the limits -- The Council presidency as an adjudicator -- Adjudicatory authority in practice : the working time directive.
=506  0\$aOpen Access$fUnrestricted online access$2star
=520  \\$aThe European Union is the world's most advanced international organization, presiding over a level of legal and economic integration unmatched in global politics. To explain this achievement, many observers point to its formal rules that entail strong obligations and delegate substantial power to supranational actors such as the European Commission. This legalistic view, Mareike Kleine contends, is misleading. More often than not, governments and bureaucrats informally depart from the formal rules and thereby contradict their very purpose. Behind the EU's front of formal rules lies a thick network of informal governance practices. If not the EU's rules, what accounts for the high level of economic integration among its members? How does the EU really work? In answering these questions, Kleine proposes a new way of thinking about international organizations. -- Publisher website.
=546  \\$aIn English.
=588  \\$aDescription based on print version record.
=610  27$aEuropean Union.$2fast$0(OCoLC)fst00916630
=610  20$aEuropean Union$xDecision making.
=651  \7$aEuropean Union countries.$2fast$0(OCoLC)fst01269470
=651  \0$aEuropean Union countries$xPolitics and government.
=650  \7$aGovernance$2gnd
=650  \7$aInformelle Institution$2gnd
=650  \7$aTheorie$2gnd
=650  \7$aPolitics and government$2fast$0(OCoLC)fst01919741
=650  \7$aDecision making.$2fast$0(OCoLC)fst00889035
=650  \7$aPOLITICAL SCIENCE$xInternational Relations$xGeneral.$2bisacsh
=650  \7$aPOLITICAL SCIENCE$xPolitical Process$vGeneral.$2bisacsh
=650  \7$aPOLITICAL SCIENCE$xPolitical Process$xGeneral.$2bisacsh
=650  \7$aLAW$xInternational.$2bisacsh
=650  \7$aSociety and social sciences Society and social sciences.$2bicssc
=650  \7$aPolitics and government.$2bicssc
=650  \7$aInternational relations.$2bicssc
=650  \7$aInternational institutions.$2bicssc
=650  \7$aEU and European institutions.$2bicssc
=650  \6$aPrise de decision$zPays de l'Union europeenne.
=650  \0$aDecision making$zEuropean Union countries.
=655  \7$aElectronic books. $2local
=710  2\$aProject Muse.$edistributor
=830  \0$aBook collections on Project MUSE.
=856  40$zFull text available: $uhttps://muse.jhu.edu/book/27320/
=945  \\$aProject MUSE - 2013 Complete Supplement II
=945  \\$aProject MUSE - 2013 Political Science and Policy Studies Supplement

