=LDR  04178cam a22006374a 4500
=001  musev2_27567
=003  MdBmJHUP
=005  20241011084602.0
=006  m\\\\\o\\d\\\\\\\\
=007  cr||||||||nn|n
=008  130529s2013\\\\ohu\\\\\o\\\\\\00\0\eng\d
=010  \\$z  2013019158
=020  \\$a9780814271124
=020  \\$z081427112X
=020  \\$z9780814212394
=020  \\$z0814212395
=035  \\$a(OCoLC)870176995
=040  \\$aMdBmJHUP$cMdBmJHUP
=100  1\$aRobinson, Douglas,$d1954-
=245  10$aDisplacement and the Somatics of Postcolonial Culture / $cDouglas Robinson.
=264  \1$aColumbus :$bOhio State University Press,$c2013.
=264  \3$aBaltimore, Md. :$bProject MUSE, $c2014
=264  \4$c©2013.
=300  \\$a1 online resource (320 pages).
=336  \\$atext$btxt$2rdacontent
=337  \\$acomputer$bc$2rdamedia
=338  \\$aonline resource$bcr$2rdacarrier
=505  0\$aFirst essay: Displacement of persons/forced migration/ideosomatic dysregulation -- Second essay: Displacement of cultures/(de)colonization/ideosomatic counterregulation -- Third essay: Displacement of time/intergenerational trauma/paleosomatic regulation.
=506  0\$aOpen Access$fUnrestricted online access$2star
=520  0\$aDisplacement and the Somatics of Postcolonial Culture is Douglas Robinson's study of postcolonial affect--specifically, of the breakdown of the normative (regulatory) circulation of affect in the refugee experience and the colonial encounter, the restructuring of that regulatory circulation in colonization, and the persistence of that restructuring in decolonization and intergenerational trauma. Robinson defines?somatics? as a cultural construction of?reality? and?identity? through the regulatory circulation of evaluative affect. This book is divided into three essays covering the refugee experience, colonization and decolonization, and intergenerational trauma. Each essay contains a review of empirical studies of its main topic, a study of literary representations of that topic, and a study of postcolonial theoretical spins. The literary representations in the refugee essay are a novel and short story by the Haitian writer Edwidge Danticat; in the colonization essay a short film by Javier Fesser and a novella by Mahasweta Devi (translated by Gayatri Chakravorty Spivak); and in the intergenerational trauma essay novels by James Welch and Toni Morrison and a short story by Percival Everett. The first essay's theoretical spins include Deleuze and Guattari on nomad thought and Iain Chambers on migrancy; the second's, Nietzsche's Genealogy of Morals and theories of postcolonial affect in Bhabha and Spivak; the third's, work on historical trauma by Cathy Caruth and Dominic LaCapra.
=588  \\$aDescription based on print version record.
=650  \7$aVertreibung$gMotiv$2gnd
=650  \7$aTrauma$gMotiv$2gnd
=650  \7$aPostkoloniale Literatur$2gnd
=650  \7$aIdentitätsentwicklung$gMotiv$2gnd
=650  \7$aRefugees in literature.$2fast$0(OCoLC)fst01904453
=650  \7$aPostcolonialism in literature.$2fast$0(OCoLC)fst01073035
=650  \7$aIdentity (Psychology) in literature.$2fast$0(OCoLC)fst00966910
=650  \7$aIdentity (Philosophical concept) in literature.$2fast$0(OCoLC)fst00966891
=650  \7$aDisplacement (Psychology) in literature.$2fast$0(OCoLC)fst01903028
=650  \6$aRefugies dans la litterature.
=650  \6$aIdentite dans la litterature.
=650  \6$aIdentite (Psychologie) dans la litterature.
=650  \6$aDeplacement (Psychologie) dans la litterature.
=650  \6$aPostcolonialisme dans la litterature.
=650  \0$aRefugees in literature.
=650  \0$aIdentity (Philosophical concept) in literature.
=650  \0$aIdentity (Psychology) in literature.
=650  \0$aDisplacement (Psychology) in literature.
=650  \0$aPostcolonialism in literature.
=655  \7$aElectronic books. $2local
=710  2\$aProject Muse.$edistributor
=830  \0$aBook collections on Project MUSE.
=856  40$zFull text available: $uhttps://muse.jhu.edu/book/27567/
=945  \\$aProject MUSE - 2014 Literature
=945  \\$aProject MUSE - 2014 Complete

