=LDR  04096cam a22007934a 4500
=001  musev2_27485
=003  MdBmJHUP
=005  20241011084500.0
=006  m\\\\\o\\d\\\\\\\\
=007  cr||||||||nn|n
=008  100119s2010\\\\nyu\\\\\o\\\\\\00\0\eng\d
=010  \\$z  2019724525
=020  \\$a9780801462207
=020  \\$z9780801462191
=020  \\$z9780801476020
=020  \\$z9780801448829
=035  \\$a(OCoLC)732957092
=040  \\$aMdBmJHUP$cMdBmJHUP
=100  1\$aGardner, Andrew,$d1969-$eauthor.
=245  10$aCity of Strangers : $bGulf Migration and the Indian Community in Bahrain / $cAndrew M. Gardner.
=264  \1$aLondon :$bILR Press, an imprint of Cornell University Press,$c[2010]
=264  \3$aBaltimore, Md. :$bProject MUSE, $c2015
=264  \4$c©[2010]
=300  \\$a1 online resource (208 pages).
=336  \\$atext$btxt$2rdacontent
=337  \\$acomputer$bc$2rdamedia
=338  \\$aonline resource$bcr$2rdacarrier
=505  0\$aIntroduction : structural violence and transnational migration in the Gulf states -- Pearls, oil, and the British Empire : a short history of Bahrain -- Foreign labor in peril : the Indian transnational proletariat -- Strategic transnationalism : the Indian diasporic elite -- The public sphere : social clubs and voluntary associations in the Indian community -- Contested identities, contested positions : English-language newspapers and the public sphere -- The invigorated state : transnationalism, citizen, and state -- Conclusion : Bahrain at the vanguard of change in the Gulf.
=506  0\$aOpen Access$fUnrestricted online access$2star
=520  \\$aExploring the everyday experiences of workers from India who have migrated to Bahrain, this study contributes significantly to our understanding of politics and society among the Persian Gulf states and of the migrant labor phenomenon that is an increasingly important aspect of globalization.
=546  \\$aEnglish.
=588  \\$aDescription based on print version record.
=650  \7$aArbeitnehmer$xMigration.$2swd
=650  \7$aTransnationalisierung$2gnd
=650  \7$aIndischer Einwanderer$2gnd
=650  \7$aInternationale Migration$2gnd
=650  \7$aForeign workers, East Indian$2fast$0(OCoLC)fst01729132
=650  \7$aEthnology$2fast$0(OCoLC)fst00916106
=650  \7$aEthnic relations$2fast$0(OCoLC)fst00916005
=650  \7$aEmigration and immigration$2fast$0(OCoLC)fst00908690
=650  \7$aEast Indians$2fast$0(OCoLC)fst00901060
=650  \7$aSOCIAL SCIENCE$xEmigration & Immigration.$2bisacsh
=650  \7$aSocial and cultural anthropology, ethnography Mod Social and cultural anthropology, ethnography.$2bicssc
=650  \7$aAnthropology.$2bicssc
=650  \7$aSociology and anthropology.$2bicssc
=650  \7$aSociety and social sciences Society and social sciences.$2bicssc
=650  \6$aEthnologie$zBahreïn.
=650  \6$aIndiens (Habitants de l'Inde)$xViolence envers$zBahreïn.
=650  \6$aTravailleurs etrangers de l'Inde$xViolence envers$zBahreïn.
=650  \6$aIndiens (Habitants de l'Inde)$zBahreïn.
=650  \6$aTravailleurs etrangers de l'Inde$zBahreïn.
=650  \0$aEthnology$zBahrain.
=650  \0$aEast Indians$xViolence against$zBahrain.
=650  \0$aForeign workers, East Indian$xViolence against$zBahrain.
=650  \0$aEast Indians$zBahrain.
=650  \0$aForeign workers, East Indian$zBahrain.
=651  \7$aBahrain$2gnd
=651  \7$aIndia$2fast$0(OCoLC)fst01210276
=651  \7$aBahrain$2fast$0(OCoLC)fst01206601
=651  \0$aBahrain$xEthnic relations.
=651  \0$aBahrain$xEmigration and immigration.
=651  \0$aIndia$xEmigration and immigration.
=655  \7$aElectronic books. $2local
=710  2\$aProject Muse.$edistributor
=830  \0$aBook collections on Project MUSE.
=856  40$zFull text available: $uhttps://muse.jhu.edu/book/27485/
=945  \\$aProject MUSE - Archive Middle Eastern Studies Foundation
=945  \\$aProject MUSE - Archive Complete Supplement III
=945  \\$aProject MUSE - Archive Global Cultural Studies Supplement III

