=LDR  03616cam a22005654a 4500
=001  musev2_27529
=003  MdBmJHUP
=005  20241011084534.0
=006  m\\\\\o\\d\\\\\\\\
=007  cr||||||||nn|n
=008  130308s2013\\\\ohu\\\\\o\\\\\\00\0\eng\d
=010  \\$z  2013005782
=020  \\$a9780814271049
=020  \\$z9780814212288
=020  \\$z0814271049
=020  \\$z081421228X
=035  \\$a(OCoLC)867742006
=040  \\$aMdBmJHUP$cMdBmJHUP
=245  02$aA Poetics of Unnatural Narrative / $cedited by Jan Alber, Henrik Skov Nielsen, and Brian Richardson.
=264  \1$aColumbus :$bOhio State University Press,$c[2013]
=264  \3$aBaltimore, Md. :$bProject MUSE, $c2013
=264  \4$c©[2013]
=300  \\$a1 online resource (280 pages).
=336  \\$atext$btxt$2rdacontent
=337  \\$acomputer$bc$2rdamedia
=338  \\$aonline resource$bcr$2rdacarrier
=490  0\$aTheory and interpretation of narrative
=505  0\$aUnnatural stories and sequences / Brian Richardson -- The whirligig of time : toward a poetics of unnatural temporality / Rüdiger Heinze -- Unnatural spaces and narrative worlds / Jan Alber -- Naturalizing and unnaturalizing reading strategies : focalization revisited / Henrik Skov Nielsen -- Unnatural minds / Stefan Iversen -- "Unnatural" metalepsis and immersion : necessarily incompatible? / Werner Wolf -- Realism and the unnatural / Maria Mäkelä -- Implausibilities, crossovers, and impossibilities : a rhetorical approach to breaks in the code of mimetic character narration / James Phelan -- Unnatural narrative in hypertext fiction / Alice Bell -- The unnaturalness of narrative poetry / Brian McHale.
=506  0\$aOpen Access$fUnrestricted online access$2star
=520  \\$aThis book offers a collection of foundational essays introducing the reader to the full scope of unnatural narrative theory: its meaning, its goals, its extent, its paradoxes. This volume brings together a group of international critics, scholars, and historians of literature that includes several of the world's leading narrative theorists. Together, they survey basic areas of narrative studies from an unnatural perspective: story, time, space, voice, minds, narrative levels, realism, nonfiction, hyperfiction, and narrative poetry. Rarely have these fundamental concepts been subjected to such an original and thoroughgoing reconceptualization. Much of the book is directed toward an investigation of experimental and antirealist work. Each essay focuses on texts and episodes that narrative theory has tended to neglect, and each provides theoretical formulations that are commensurate with such exceptional works. This book articulates and delineates the most radical movement in narrative studies.
=588  \\$aDescription based on print version record.
=650  \7$aLiterature - General.$2hilcc
=650  \7$aLanguages & Literatures.$2hilcc
=650  \7$aPoetics.$2fast$0(OCoLC)fst01067682
=650  \7$aNarration (Rhetoric)$2fast$0(OCoLC)fst01032927
=650  \7$aLITERARY CRITICISM$xGeneral.$2bisacsh
=650  \6$aNarration.
=650  \6$aPoetique.
=650  \0$aNarration (Rhetoric)
=650  \0$aPoetics.
=655  \0$aElectronic book.
=655  \7$aElectronic books. $2local
=700  1\$aAlber, Jan,$d1973-
=700  1\$aSkov Nielsen, Henrik.
=700  1\$aRichardson, Brian,$d1953-
=710  2\$aProject Muse.$edistributor
=830  \0$aBook collections on Project MUSE.
=856  40$zFull text available: $uhttps://muse.jhu.edu/book/27529/
=945  \\$aProject MUSE - 2013 Literature
=945  \\$aProject MUSE - 2013 Complete

