=LDR  01656cam a22004334a 4500
=001  musev2_27530
=003  MdBmJHUP
=005  20241011084535.0
=006  m\\\\\o\\d\\\\\\\\
=007  cr||||||||nn|n
=008  190726s2013\\\\xx\\\\\\o\\\\\\00\0\eng\d
=020  \\$a9780814271056
=020  \\$z9780814212295
=020  \\$z0814212298
=020  \\$z0814271057
=035  \\$a(OCoLC)867742123
=040  \\$aMdBmJHUP$cMdBmJHUP
=100  1\$aHsy, Jonathan$dca. 20./21. Jh.$eVerfasserIn.$4aut
=245  10$aTrading Tongues : $bMerchants, Multilingualism, and Medieval Literature / $cJonathan Hsy.
=264  \1$aColumbus$bOhio State University Press$c2013
=264  \3$aBaltimore, Md. :$bProject MUSE, $c2013
=264  \4$c&copy;2013
=300  \\$a1 online resource (264 pages).
=336  \\$atext$btxt$2rdacontent
=337  \\$acomputer$bc$2rdamedia
=338  \\$aonline resource$bcr$2rdacarrier
=490  0\$aInterventions : new studies in medieval culture
=506  0\$aOpen Access$fUnrestricted online access$2star
=588  \\$aDescription based on print version record.
=650  \4$aMultilingualism and literature ; England ; History ; To 1500
=650  \4$aMultilingualism ; England ; History ; To 1500
=650  \4$aEnglish literature ; Middle English, 1100-1500 ; History and criticism
=650  \4$aLanguages in contact ; England ; History ; To 1500
=655  \7$aElectronic books. $2local
=710  2\$aProject Muse.$edistributor
=830  \0$aBook collections on Project MUSE.
=856  40$zFull text available: $uhttps://muse.jhu.edu/book/27530/
=945  \\$aProject MUSE - 2013 Literature
=945  \\$aProject MUSE - 2013 Complete

