=LDR  02952cam a22006494a 4500
=001  musev2_27531
=003  MdBmJHUP
=005  20241011084536.0
=006  m\\\\\o\\d\\\\\\\\
=007  cr||||||||nn|n
=008  130308t20132013ohu\\\\\o\\\\\\00\0\eng\d
=020  \\$a9780814271063
=020  \\$z0814271065
=020  \\$z9780814212257
=020  \\$z0814212255
=035  \\$a(OCoLC)867742020
=040  \\$aMdBmJHUP$cMdBmJHUP
=100  1\$aNeill, Anna,$d1965-$eautor.
=245  10$aPrimitive Minds : $bEvolution and Spiritual Experience in the Victorian Novel / $cAnna Neill.
=264  \1$aColumbus :$bOhio State University Press,$c[2013]
=264  \3$aBaltimore, Md. :$bProject MUSE, $c2013
=264  \4$c©[2013]
=300  \\$a1 online resource (264 pages).
=336  \\$atext$btxt$2rdacontent
=337  \\$acomputer$bc$2rdamedia
=338  \\$aonline resource$bcr$2rdacarrier
=505  0\$aEvolution and the dreamy mind -- Charlotte Brontë's hypochondriacal heroines -- Spirits and seizures in Bleak House and Our mutual friend -- Suspended animation and second sight : Daniel Deronda and Silas Marner -- Dreamy intuition and detective genius : Ezra Jennings and Sherlock Holmes -- The end of the novel : naturalism and reverie in Tess of the d'Urbervilles and The return of the native.
=506  0\$aOpen Access$fUnrestricted online access$2star
=588  \\$aDescription based on print version record.
=650  \7$aSpiritualism in literature.$2fast$0(OCoLC)fst01130183
=650  \7$aRealism in literature.$2fast$0(OCoLC)fst01091237
=650  \7$aPsychology in literature.$2fast$0(OCoLC)fst01081559
=650  \7$aPsychology and literature.$2fast$0(OCoLC)fst01081551
=650  \7$aLiterature and science.$2fast$0(OCoLC)fst01000093
=650  \7$aEnglish literature.$2fast$0(OCoLC)fst00911989
=650  \7$aEnglish fiction.$2fast$0(OCoLC)fst00910817
=650  \6$aRoman anglais$y19e siecle$xHistoire et critique.
=650  \6$aLitterature anglaise$y19e siecle$xHistoire et critique.
=650  \6$aSpiritisme dans la litterature.
=650  \6$aPsychologie dans la litterature.
=650  \6$aPsychologie et litterature.
=650  \6$aRealisme dans la litterature.
=650  \6$aLitterature et sciences.
=650  \0$aEnglish fiction$y19th century$xHistory and criticism.
=650  \0$aEnglish literature$y19th century$xHistory and criticism.
=650  \0$aSpiritualism in literature.
=650  \0$aPsychology in literature.
=650  \0$aPsychology and literature.
=650  \0$aRealism in literature.
=650  \0$aLiterature and science.
=655  \7$aCriticism, interpretation, etc.$2fast$0(OCoLC)fst01411635
=655  \7$aElectronic books. $2local
=710  2\$aProject Muse.$edistributor
=830  \0$aBook collections on Project MUSE.
=856  40$zFull text available: $uhttps://muse.jhu.edu/book/27531/
=945  \\$aProject MUSE - 2013 Literature
=945  \\$aProject MUSE - 2013 Complete

