=LDR  03536cam a22005294a 4500
=001  musev2_27532
=003  MdBmJHUP
=005  20241011084536.0
=006  m\\\\\o\\d\\\\\\\\
=007  cr||||||||nn|n
=008  130208s2013\\\\ohu\\\\\o\\\\\\00\0\eng\d
=020  \\$a9780814271070
=020  \\$z9780814212240
=020  \\$z0814271073
=020  \\$z0814212247
=035  \\$a(OCoLC)867742124
=040  \\$aMdBmJHUP$cMdBmJHUP
=100  1\$aMajor, Wilfred E.,$d1967-
=245  14$aThe Court of Comedy : $bAristophanes, Rhetoric, and Democracy in Fifth-Century Athens / $cWilfred E. Major.
=264  \1$aColumbus :$bOhio State University Press,$c[2013]
=264  \3$aBaltimore, Md. :$bProject MUSE, $c2013
=264  \4$c&copy;[2013]
=300  \\$a1 online resource (288 pages).
=336  \\$atext$btxt$2rdacontent
=337  \\$acomputer$bc$2rdamedia
=338  \\$aonline resource$bcr$2rdacarrier
=505  0\$aSicilian pioneers of comedy and rhetoric and their transmission to Athens -- Old comedy and proto-rhetoric in Athens before 425 B.C.E. : the age of Pericles -- The young comic playwrights attack, 425-421 B.C.E. -- The years of confidence, 421-414 B.C.E. -- Crawling from the wreckage, 411 B.C.E. -- Tongues, frogs, and the last stand.
=506  0\$aOpen Access$fUnrestricted online access$2star
=520  \\$aIn this book, the author analyzes how writers of comedy in Classical Greece satirized the emerging art of rhetoric and its role in political life. In the fifth century BCE, the development of rhetoric proceeded hand in hand with the growth of democracy both on Sicily and at Athens. In turn, comic playwrights in Athens, most notably Aristophanes, lampooned oratory as part of their commentary on the successes and failures of the young democracy. This study surveys all the surviving comedy from the fifth century BCE on these important topics. The evidence reveals that Greek comedy provides a revealing commentary on the incipient craft of rhetoric before its formal conventions were stabilized. Furthermore, Aristophanes' depiction of rhetoric and of Athenian democratic institutions indicates that he fundamentally supports the Athenian democracy and not, as is often argued, oligarchic opposition to it. These conclusions confirm recent work that reinterprets the early development of rhetoric in Classical Greece and offer fresh perspectives on the debate over the role of comedy in early Greek democracy. Throughout, the author capitalizes on progress in the understanding of the performance dynamics of Classical Greek theater.
=588  \\$aDescription based on print version record.
=600  07$aAristophanes.$2fast$0(OCoLC)fst00038457
=600  01$aAristophanes$xCriticism and interpretation.
=600  00$aAristophanes$xCriticism and interpretation.
=650  \7$aRhetoric, Ancient.$2fast$0(OCoLC)fst01096982
=650  \7$aGreek drama (Comedy)$2fast$0(OCoLC)fst00947136
=650  \6$aRhetorique ancienne$xHistoire.
=650  \6$aComedie grecque$xHistoire et critique.
=650  \0$aRhetoric, Ancient$xHistory.
=650  \0$aGreek drama (Comedy)$xHistory and criticism.
=655  \7$aHistory.$2fast$0(OCoLC)fst01411628
=655  \7$aCriticism, interpretation, etc.$2fast$0(OCoLC)fst01411635
=655  \7$aElectronic books. $2local
=710  2\$aProject Muse.$edistributor
=830  \0$aBook collections on Project MUSE.
=856  40$zFull text available: $uhttps://muse.jhu.edu/book/27532/
=945  \\$aProject MUSE - 2013 Literature
=945  \\$aProject MUSE - 2013 Complete

