=LDR  03547cam a22007454a 4500
=001  musev2_27533
=003  MdBmJHUP
=005  20241011084537.0
=006  m\\\\\o\\d\\\\\\\\
=007  cr||||||||nn|n
=008  130308t20132013ohu\\\\\o\\\\\\00\0\eng\d
=020  \\$a9780814271094
=020  \\$z081427109X
=020  \\$z0814212271
=020  \\$z9780814212271
=035  \\$a(OCoLC)867742034
=040  \\$aMdBmJHUP$cMdBmJHUP
=100  1\$aCragwall, Jasper Albert,$d1977-$eautor.
=245  10$aLake Methodism : $bPolite Literature and Popular Religion in England, 1780-1830 / $cJasper Cragwall.
=264  \1$aColumbus :$bOhio State University Press,$c[2013]
=264  \3$aBaltimore, Md. :$bProject MUSE, $c2013
=264  \4$c&copy;[2013]
=300  \\$a1 online resource (272 pages).
=336  \\$atext$btxt$2rdacontent
=337  \\$acomputer$bc$2rdamedia
=338  \\$aonline resource$bcr$2rdacarrier
=490  0\$aLiterature, religion, and postsecular studies
=505  0\$a"Lake Methodism" and the lows of high argument -- "Elocution to the mute" : Anglican authority and the cultural revolt of Methodism -- Wordsworth and the ragged legion : poets, priests, and preachers -- Sage or Sibyl? A lay sermon -- Joanna Southcott's body, and the posthumous life of romantic prophecy -- Resurrection, the new birth, and vital Christianity : the Methodism to Frankenstein's madness.
=506  0\$aOpen Access$fUnrestricted online access$2star
=588  \\$aDescription based on print version record.
=650  \7$aRomanticism.$2fast$0(OCoLC)fst01100133
=650  \7$aReligion and literature.$2fast$0(OCoLC)fst01093839
=650  \7$aMethodism$xInfluence.$2fast$0(OCoLC)fst01018637
=650  \7$aMethodism in literature.$2fast$0(OCoLC)fst01018642
=650  \7$aMethodism.$2fast$0(OCoLC)fst01018631
=650  \7$aIntellectual life.$2fast$0(OCoLC)fst00975769
=650  \7$aEnglish literature.$2fast$0(OCoLC)fst00911989
=650  \6$aLitterature anglaise$y19e siecle$xHistoire et critique.
=650  \6$aReligion et litterature$zGrande-Bretagne$xHistoire$y19e siecle.
=650  \6$aLitterature anglaise$y18e siecle$xHistoire et critique.
=650  \6$aReligion et litterature$zGrande-Bretagne$xHistoire$y18e siecle.
=650  \6$aRomantisme$zGrande-Bretagne.
=650  \6$aMethodisme$xHistoire.
=650  \6$aMethodisme$xInfluence.
=650  \0$aEnglish literature$y19th century$xHistory and criticism.
=650  \0$aReligion and literature$zGreat Britain$xHistory$y19th century.
=650  \0$aEnglish literature$y18th century$xHistory and criticism.
=650  \0$aReligion and literature$zGreat Britain$xHistory$y18th century.
=650  \0$aRomanticism$zGreat Britain.
=650  \0$aMethodism in literature.
=650  \0$aMethodism$xHistory.
=650  \0$aMethodism$xInfluence.
=651  \7$aGreat Britain.$2fast$0(OCoLC)fst01204623
=651  \6$aGrande-Bretagne$xVie intellectuelle$y19e siecle.
=651  \6$aGrande-Bretagne$xVie intellectuelle$y18e siecle.
=651  \0$aGreat Britain$xIntellectual life$y19th century.
=651  \0$aGreat Britain$xIntellectual life$y18th century.
=655  \7$aHistory.$2fast$0(OCoLC)fst01411628
=655  \7$aCriticism, interpretation, etc.$2fast$0(OCoLC)fst01411635
=655  \7$aElectronic books. $2local
=710  2\$aProject Muse.$edistributor
=830  \0$aBook collections on Project MUSE.
=856  40$zFull text available: $uhttps://muse.jhu.edu/book/27533/
=945  \\$aProject MUSE - 2013 Literature
=945  \\$aProject MUSE - 2013 Complete

