=LDR  03031cam a22006494a 4500
=001  musev2_27534
=003  MdBmJHUP
=005  20241011084537.0
=006  m\\\\\o\\d\\\\\\\\
=007  cr||||||||nn|n
=008  130308t20132013ohu\\\\\o\\\\\\00\0\eng\d
=020  \\$a9780814271117
=020  \\$z0814271111
=020  \\$z0814212263
=020  \\$z9780814212264
=035  \\$a(OCoLC)867742018
=040  \\$aMdBmJHUP$cMdBmJHUP
=100  1\$aBlumberg, Ilana M.,$d1970-$eautor.
=245  10$aVictorian Sacrifice : $bEthics and Economics in Mid-Century Novels / $cIlana Blumberg.
=264  \1$aColumbus :$bOhio State University Press,$c[2013]
=264  \3$aBaltimore, Md. :$bProject MUSE, $c2013
=264  \4$c©[2013]
=300  \\$a1 online resource (280 pages).
=336  \\$atext$btxt$2rdacontent
=337  \\$acomputer$bc$2rdamedia
=338  \\$aonline resource$bcr$2rdacarrier
=490  0\$aLiterature, religion, and postsecular studies
=505  0\$aThe heir of Redclyffe and the heiress : men, women, and Christian self-sacrifice -- Suicide, sin, and self-sacrifice in A tale of two cities -- "Love yourself as your neighbor" : guilt and the ethics of personal benefit in Adam Bede -- "Unnatural self-sacrifice" : Trollope's ethic of mutual benefit -- Collins' writerly sacrifice -- Conclusion : Robert Elsmere : the "true, best self" and the ideal of mutual service.
=506  0\$aOpen Access$fUnrestricted online access$2star
=588  \\$aDescription based on print version record.
=650  \7$aSelf-sacrifice in literature.$2fast$0(OCoLC)fst01111928
=650  \7$aReligion and literature.$2fast$0(OCoLC)fst01093839
=650  \7$aEthics in literature.$2fast$0(OCoLC)fst00915860
=650  \7$aEnglish literature.$2fast$0(OCoLC)fst00911989
=650  \7$aEconomics in literature.$2fast$0(OCoLC)fst00902247
=650  \7$aAltruism in literature.$2fast$0(OCoLC)fst00806246
=650  \6$aLitterature anglaise$y19e siecle$xHistoire et critique.
=650  \6$aReligion et litterature$zGrande-Bretagne$xHistoire$y19e siecle.
=650  \6$aDevouement dans la litterature.
=650  \6$aAltruisme dans la litterature.
=650  \6$aMorale dans la litterature.
=650  \6$aÉconomie politique dans la litterature.
=650  \0$aEnglish literature$y19th century$xHistory and criticism.
=650  \0$aReligion and literature$zGreat Britain$xHistory$y19th century.
=650  \0$aSelf-sacrifice in literature.
=650  \0$aAltruism in literature.
=650  \0$aEthics in literature.
=650  \0$aEconomics in literature.
=651  \7$aGreat Britain.$2fast$0(OCoLC)fst01204623
=655  \7$aHistory.$2fast$0(OCoLC)fst01411628
=655  \7$aCriticism, interpretation, etc.$2fast$0(OCoLC)fst01411635
=655  \7$aElectronic books. $2local
=710  2\$aProject Muse.$edistributor
=830  \0$aBook collections on Project MUSE.
=856  40$zFull text available: $uhttps://muse.jhu.edu/book/27534/
=945  \\$aProject MUSE - 2013 Literature
=945  \\$aProject MUSE - 2013 Complete

