=LDR  02978cam a22004814a 4500
=001  musev2_27542
=003  MdBmJHUP
=005  20241011084544.0
=006  m\\\\\o\\d\\\\\\\\
=007  cr||||||||nn|n
=008  130503s2013\\\\ohu\\\\\o\\\\\\00\0\eng\d
=020  \\$a9780814271100
=020  \\$z0814212301
=020  \\$z0814271103
=020  \\$z9780814212301
=035  \\$a(OCoLC)867742035
=040  \\$aMdBmJHUP$cMdBmJHUP
=100  1\$aGui, Weihsin,$d1978-
=245  10$aNational Consciousness and Literary Cosmopolitics : $bPostcolonial Literature in a Global Moment / $cWeihsin Gui.
=264  \1$aColumbus :$bOhio State University Press,$c[2013]
=264  \3$aBaltimore, Md. :$bProject MUSE, $c2013
=264  \4$c&copy;[2013]
=300  \\$a1 online resource (248 pages).
=336  \\$atext$btxt$2rdacontent
=337  \\$acomputer$bc$2rdamedia
=338  \\$aonline resource$bcr$2rdacarrier
=490  0\$aTransoceanic studies
=505  0\$aIntroduction : constellations, critical nationality, and literary cosmopolitics -- Articulating Adorno with postcolonial critique : Fanon, Said, Spivak -- "More English than English" : Kazuo Ishiguro's negation of national nostalgia -- "The possibilities of the new country we are making" : transnational fragments and national consciousness in Derek Walcott's writing -- "Not monological but multilogical" : gender, hybridity, and national narratives in Shirley Geok-lin Lim's writing -- Ethnographic tactics and the cosmopolitical aesthetic in contemporary Malaysian fiction -- Conclusion : nation, narration, negation.
=506  0\$aOpen Access$fUnrestricted online access$2star
=520  \\$aIn this book, the author argues that postcolonial literature written within a framework of globalization still takes nationalism seriously rather than dismissing it as obsolete. Authors and texts often regarded as cosmopolitan, diasporic, or migrant actually challenge globalization's tendency to treat nations as absolute and homogenous sociocultural entities. While social scientific theories of globalization after 1945 represent nationalism as antithetical to transnational economic and cultural flows, this book contends that postcolonial literature represents nationalism as a form of cosmopolitical engagement with what lies beyond the nation's borders.
=588  \\$aDescription based on print version record.
=650  \7$aNationalism in literature.$2fast$0(OCoLC)fst01033899
=650  \7$aNationalism and literature.$2fast$0(OCoLC)fst01033884
=650  \6$aNationalisme et litterature.
=650  \6$aNationalisme dans la litterature.
=650  \0$aNationalism and literature.
=650  \0$aNationalism in literature.
=655  \7$aElectronic books. $2local
=710  2\$aProject Muse.$edistributor
=830  \0$aBook collections on Project MUSE.
=856  40$zFull text available: $uhttps://muse.jhu.edu/book/27542/
=945  \\$aProject MUSE - 2013 Literature
=945  \\$aProject MUSE - 2013 Complete

