=LDR  02682cam a22005174a 4500
=001  musev2_27708
=003  MdBmJHUP
=005  20241011084738.0
=006  m\\\\\o\\d\\\\\\\\
=007  cr||||||||nn|n
=008  130411s2013\\\\ohu\\\\\o\\\\\\00\0\eng\d
=020  \\$a9780814271186
=020  \\$z9780814212349
=020  \\$z0814271189
=020  \\$z0814212344
=035  \\$a(OCoLC)870684180
=040  \\$aMdBmJHUP$cMdBmJHUP
=100  1\$aSyson, Antonia Jane Reobone,$d1973-
=245  10$aFama and Fiction in Vergil's Aeneid / $cAntonia Syson.
=264  \1$aColumbus :$bOhio State University Press,$c2013.
=264  \3$aBaltimore, Md. :$bProject MUSE, $c2014
=264  \4$c&copy;2013.
=300  \\$a1 online resource (288 pages).
=336  \\$atext$btxt$2rdacontent
=337  \\$acomputer$bc$2rdamedia
=338  \\$aonline resource$bcr$2rdacarrier
=505  0\$aIntroduction -- The seams of fiction in epic and novel -- What Turnus sees -- Classifying fama -- Chapter previews -- Monstrous fama -- Fama's tongues -- Jupiter's bargain -- Sinon's fama -- Matter out of place I: across the Styx -- Dirt and disorder -- Daedalean excesses -- Misenus and the substance of fama -- Putting Palinurus in his place -- This and that -- Memories of the harpy -- When "that" becomes "this" -- Recognizing divine authority -- Matter out of place II: Nisus and Euryalus -- Fama evaluated -- Dirty fighting -- The order of metamorphosis -- "Uidi ipse" -- Cybele and Jupiter's order -- Slithery changes -- Venus' fictions -- What Amata sees -- Reading for the novel -- How to do things with birds -- Rumors -- "Accipio agnoscoque deos" -- Juturna's fictional truth -- Afterword: swan song.
=506  0\$aOpen Access$fUnrestricted online access$2star
=546  \\$aEnglish.
=588  \\$aDescription based on print version record.
=600  01$aVirgil.$tAeneis$xCriticism and interpretation.
=600  00$aVirgil.$tAeneis$xCriticism and interpretation.
=650  \7$aRhetoric, Ancient.$2fast$0(OCoLC)fst01096982
=650  \7$aEpic poetry, Latin.$2fast$0(OCoLC)fst00913954
=650  \6$aPoesie epique latine$xHistoire et critique.
=650  \6$aRhetorique ancienne.
=650  \0$aEpic poetry, Latin$xHistory and criticism.
=650  \0$aRhetoric, Ancient.
=630  07$aAeneis (Virgil)$2fast$0(OCoLC)fst01356034
=655  \7$aCriticism, interpretation, etc.$2fast$0(OCoLC)fst01411635
=655  \7$aElectronic books. $2local
=710  2\$aProject Muse.$edistributor
=830  \0$aBook collections on Project MUSE.
=856  40$zFull text available: $uhttps://muse.jhu.edu/book/27708/
=945  \\$aProject MUSE - 2014 Literature
=945  \\$aProject MUSE - 2014 Complete

