=LDR  03282cam a22005534a 4500
=001  musev2_27563
=003  MdBmJHUP
=005  20241011084600.0
=006  m\\\\\o\\d\\\\\\\\
=007  cr||||||||nn|n
=008  130405s2013\\\\ohu\\\\\o\\\\\\00\0\eng\d
=010  \\$z  2013011171
=020  \\$a9780814271087
=020  \\$z9780814212318
=020  \\$z081421231X
=020  \\$z0814271081
=035  \\$a(OCoLC)867742025
=040  \\$aMdBmJHUP$cMdBmJHUP
=100  1\$aMcGill, Robert,$d1976-
=245  14$aThe Treacherous Imagination : $bIntimacy, Ethics, and Autobiographical Fiction / $cRobert McGill.
=264  \1$aColumbus :$bOhio State University Press,$c[2013]
=264  \3$aBaltimore, Md. :$bProject MUSE, $c2013
=264  \4$c&copy;[2013]
=300  \\$a1 online resource (208 pages).
=336  \\$atext$btxt$2rdacontent
=337  \\$acomputer$bc$2rdamedia
=338  \\$aonline resource$bcr$2rdacarrier
=505  0\$aA short history of transgression -- Biographical desire -- Fiction's betrayals, intimacy's trials -- In bed with an author.
=506  0\$aOpen Access$fUnrestricted online access$2star
=520  \\$aMany writers have been accused of betraying their loved ones by turning them into fictional characters. In this book, the author examines the ethics of writing such stories. He argues that while fiction has long appealed to readers with its narratives of private life, contemporary autobiographical fiction channels a widespread ambivalence about the value of telling all in a confessional age - an age in which fiction has an unprecedented power to leave people feeling libeled or exposed when they recognize themselves in it. Observing that the interests of authors and their loved ones in such cases are often less divergent than they appear, the author assesses strategies by which both parties might use fiction not to hurt each other but to revise and revitalize intimacy. Discussing authors such as Philip Roth, Alice Munro, A. S. Byatt, and Hanif Kureishi, the author questions whether people should always require exclusivity of each other with regard to the stories they tell about private life. Instead, authors and their intimates might jointly embrace fiction's playful, transgressive qualities, even while reexamining the significance of that fiction's intimations.
=546  \\$aEnglish.
=588  \\$aDescription based on print version record.
=650  \7$aSexual ethics in literature.$2fast$0(OCoLC)fst01114850
=650  \7$aEthics in literature.$2fast$0(OCoLC)fst00915860
=650  \7$aAutobiographical fiction.$2fast$0(OCoLC)fst00822535
=650  \6$aMorale dans la litterature.
=650  \6$aMorale sexuelle dans la litterature.
=650  \4$aLiterature - General.
=650  \4$aLanguages & Literatures.
=650  \0$aAutobiographical fiction$xHistory and criticism.
=650  \0$aEthics in literature.
=650  \0$aSexual ethics in literature.
=655  \7$aCriticism, interpretation, etc.$2fast$0(OCoLC)fst01411635
=655  \7$aElectronic books. $2local
=710  2\$aProject Muse.$edistributor
=830  \0$aBook collections on Project MUSE.
=856  40$zFull text available: $uhttps://muse.jhu.edu/book/27563/
=945  \\$aProject MUSE - 2013 Literature
=945  \\$aProject MUSE - 2013 Complete

