=LDR  04577cam a22006494a 4500
=001  musev2_27564
=003  MdBmJHUP
=005  20241011084600.0
=006  m\\\\\o\\d\\\\\\\\
=007  cr||||||||nn|n
=008  130405s2013\\\\ohu\\\\\o\\\\\\00\0\eng\d
=010  \\$z  2013010878
=020  \\$a9780814271162
=020  \\$z9780814212356
=020  \\$z0814271162
=020  \\$z0814212352
=035  \\$a(OCoLC)869304008
=040  \\$aMdBmJHUP$cMdBmJHUP
=100  1\$aBisla, Sundeep,$d1968-
=245  10$aWilkie Collins and Copyright : $bArtistic Ownership in the Age of the Borderless Word / $cSundeep Bisla.
=264  \1$aColumbus :$bOhio State University Press,$c2013.
=264  \3$aBaltimore, Md. :$bProject MUSE, $c2014
=264  \4$c&copy;2013.
=300  \\$a1 online resource (360 pages).
=336  \\$atext$btxt$2rdacontent
=337  \\$acomputer$bc$2rdamedia
=338  \\$aonline resource$bcr$2rdacarrier
=505  0\$aIntroduction : Wilkie Collins, theorist of iterability -- The manuscript as writer's estate in Basil -- The woman in white : the perils of attempting to discipline the transatlantic, transhistorical narrative -- Over-doing things with words in 1862 : pretense and plain truth in No name -- Ingesting the other in Armadale -- The return of the author : privacy, publication, the mystery novel, and The moonstone -- Conclusion : real absences : Collins's waiting shadows.
=506  0\$aOpen Access$fUnrestricted online access$2star
=520  \\$aIn the works and letters of his later years, Wilkie Collins continually expressed his displeasure over copyright violations. Wilkie Collins and Copyright: Artistic Ownership in the Age of the Borderless Word by Sundeep Bisla asks whether that discontent might not also have affected the composition of Collins{lcub}8217{rcub}s major early works of the 1850s and 60s. Bisla{lcub}8217{rcub}s investigation into this question, surprisingly, does not find an uncomplicated author uncomplicatedly launched on a defense of what he believes to be rightfully his. Instead, Bisla finds an author locked in fierce negotiation with the theoretical underpinnings of his medium, the written word, underpinnings best delineated by the twentieth-century deconstructionist Jacques Derrida. Collins{lcub}8217{rcub}s discomfort with copyright violation comes to be in tension with his budding understanding of the paradoxical nature of the ?iterability? of the word, a nature presenting itself as a conflict between the settling and breaking manifestations of linguistic repetition. In his efforts at resolving this paradox, Collins adopts a mechanism of recursive self-reflexivity through which each story reflects upon itself to a more fundamental extent than had its predecessor. This self-reflexive exploration has significant consequences for the author{lcub}8217{rcub}s own iterability-menaced subjectivity, a striking example of which can be seen in the fact that the name being sought in Collins{lcub}8217{rcub}s last masterpiece, The Moonstone, will end up being ?MY OWN NAME? {lcub}8212{rcub} in other words, ?WILKIE COLLINS.?
=588  \\$aDescription based on print version record.
=600  17$aCollins, Wilkie,$d1824-1889$xCriticism and interpretation.$2nli
=600  17$aCollins, Wilkie$d1824-1889$2gnd
=600  17$aCollins, Wilkie,$d1824-1889.$2fast$0(OCoLC)fst00036789
=600  10$aCollins, Wilkie,$d1824-1889$xCriticism and interpretation.
=650  \7$aCopyright$xHistory$y19th century.$2nli
=650  \7$aIntellectual property$xHistory$y19th century.$2nli
=650  \7$aIntellectual property in literature.$2nli
=650  \7$aGeistiges Eigentum$2gnd
=650  \7$aUrheberrecht$2gnd
=650  \7$aIntellectual property in literature.$2fast$0(OCoLC)fst01200849
=650  \7$aIntellectual property.$2fast$0(OCoLC)fst00975774
=650  \7$aCopyright.$2fast$0(OCoLC)fst00878706
=650  \6$aDroit d'auteur$xHistoire$y19e siecle.
=650  \6$aPropriete intellectuelle$xHistoire$y19e siecle.
=650  \6$aPropriete intellectuelle dans la litterature.
=650  \0$aCopyright$xHistory$y19th century.
=650  \0$aIntellectual property$xHistory$y19th century.
=650  \0$aIntellectual property in literature.
=655  \7$aHistory.$2fast$0(OCoLC)fst01411628
=655  \7$aCriticism, interpretation, etc.$2fast$0(OCoLC)fst01411635
=655  \7$aElectronic books. $2local
=710  2\$aProject Muse.$edistributor
=830  \0$aBook collections on Project MUSE.
=856  40$zFull text available: $uhttps://muse.jhu.edu/book/27564/
=945  \\$aProject MUSE - 2014 Literature
=945  \\$aProject MUSE - 2014 Complete

