=LDR  03629cam a22007334a 4500
=001  musev2_27565
=003  MdBmJHUP
=005  20241011084601.0
=006  m\\\\\o\\d\\\\\\\\
=007  cr||||||||nn|n
=008  130614s2013\\\\ohu\\\\\o\\\\\\00\0\eng\d
=020  \\$a9780814271179
=020  \\$z9780814212387
=020  \\$z0814271170
=020  \\$z0814212387
=035  \\$a(OCoLC)869303945
=040  \\$aMdBmJHUP$cMdBmJHUP
=100  1\$aPacheco, Derek Andrew,$d1976-
=245  10$aMoral Enterprise : $bLiterature and Education in Antebellum America / $cDerek Pacheco.
=264  \1$aColumbus :$bOhio State University Press,$c2013.
=264  \3$aBaltimore, Md. :$bProject MUSE, $c2014
=264  \4$c©2013.
=300  \\$a1 online resource (240 pages).
=336  \\$atext$btxt$2rdacontent
=337  \\$acomputer$bc$2rdamedia
=338  \\$aonline resource$bcr$2rdacarrier
=505  0\$aEducation and the "Alexandrian library" -- Bibliographic nationalism : marketing America in Horace Mann's school library -- "Disorders of the circulating medium" : Hawthorne's early children's literature -- "Contact with the world" : Elizabeth Peabody's West Street bookshop -- "Conversation of a better order" : Margaret Fuller from the classroom to the dial -- Coda. "The sun is but a morning star."
=506  0\$aOpen Access$fUnrestricted online access$2star
=546  \\$aEnglish.
=588  \\$aDescription based on print version record.
=600  17$aPeabody, Elizabeth Palmer,$d1804-1894.$2fast$0(OCoLC)fst00083255
=600  17$aMann, Horace,$d1796-1859.$2fast$0(OCoLC)fst00100345
=600  17$aHawthorne, Nathaniel,$d1804-1864.$2fast$0(OCoLC)fst00030387
=600  17$aFuller, Margaret,$d1810-1850.$2fast$0(OCoLC)fst00033078
=600  11$aMann, Horace,$d1796-1859$xCriticism and interpretation.
=600  11$aHawthorne, Nathaniel,$d1804-1864$xCriticism and interpretation.
=600  11$aPeabody, Elizabeth Palmer,$d1804-1894$xCriticism and interpretation.
=600  11$aFuller, Margaret,$d1810-1850$xCriticism and interpretation.
=600  10$aMann, Horace,$d1796-1859$xCriticism and interpretation.
=600  10$aHawthorne, Nathaniel,$d1804-1864$xCriticism and interpretation.
=600  10$aPeabody, Elizabeth Palmer,$d1804-1894$xCriticism and interpretation.
=600  10$aFuller, Margaret,$d1810-1850$xCriticism and interpretation.
=650  \7$aPopular education.$2fast$0(OCoLC)fst01071397
=650  \7$aLiterature and society.$2fast$0(OCoLC)fst01000096
=650  \7$aAmerican literature.$2fast$0(OCoLC)fst00807113
=650  \6$aLitterature americaine$y19e siecle$xHistoire et critique.
=650  \6$aÉducation populaire$zNouvelle-Angleterre$xHistoire$y19e siecle.
=650  \6$aLitterature et societe$zNouvelle-Angleterre$xHistoire$y19e siecle.
=650  \4$aAmerican Literature.
=650  \4$aLanguages & Literatures.
=650  \4$aEnglish.
=650  \0$aAmerican literature$y19th century$xHistory and criticism.
=650  \0$aPopular education$zNew England$xHistory$y19th century.
=650  \0$aLiterature and society$zNew England$xHistory$y19th century.
=651  \7$aNew England.$2fast$0(OCoLC)fst01241913
=655  \7$aHistory.$2fast$0(OCoLC)fst01411628
=655  \7$aCriticism, interpretation, etc.$2fast$0(OCoLC)fst01411635
=655  \7$aElectronic books. $2local
=710  2\$aProject Muse.$edistributor
=830  \0$aBook collections on Project MUSE.
=880  3\$6246-00/{dollar}1$a潍慲湅整灲楲敳
=856  40$zFull text available: $uhttps://muse.jhu.edu/book/27565/
=945  \\$aProject MUSE - 2014 Literature
=945  \\$aProject MUSE - 2014 Complete

