=LDR  02233cam a22005054a 4500
=001  musev2_27569
=003  MdBmJHUP
=005  20241011084603.0
=006  m\\\\\o\\d\\\\\\\\
=007  cr||||||||nn|n
=008  130614s2013\\\\ohu\\\\\o\\\\\\00\0\eng\d
=020  \\$a9780814271148
=020  \\$z0814212379
=020  \\$z9780814212370
=020  \\$z0814271146
=035  \\$a(OCoLC)870177326
=040  \\$aMdBmJHUP$cMdBmJHUP
=100  1\$aDuerfahrd, Lance Alfred,$d1967-
=245  14$aThe Work of Poverty : $bSamuel Beckett's Vagabonds and the Theater of Crisis / $cLance Duerfahrd.
=264  \1$aColumbus :$bOhio State University Press,$c2013.
=264  \3$aBaltimore, Md. :$bProject MUSE, $c2014
=264  \4$c&copy;2013.
=300  \\$a1 online resource (360 pages).
=336  \\$atext$btxt$2rdacontent
=337  \\$acomputer$bc$2rdamedia
=338  \\$aonline resource$bcr$2rdacarrier
=505  0\$aBegging context -- Godot behind bars -- Waiting for Godot in Sarajevo and New Orleans -- La pensee vagabonde : vagabond thought -- Textual indigence : the reader in an aesthetics of poverty -- Afterword. Staging Godot in Zuccotti Park.
=506  0\$aOpen Access$fUnrestricted online access$2star
=588  \\$aDescription based on print version record.
=600  17$aBeckett, Samuel,$d1906-1989.$2fast$0(OCoLC)fst00035621
=600  11$aBeckett, Samuel,$d1906-1989.$tEn attendant Godot.$lEnglish$xCriticism and interpretation.
=600  11$aBeckett, Samuel,$d1906-1989$xInfluence.
=600  10$aBeckett, Samuel,$d1906-1989.$tEn attendant Godot.$lEnglish$xCriticism & interpretation.
=600  10$aBeckett, Samuel,$d1906-1989$xInfluence.
=630  07$aEn attendant Godot (Beckett, Samuel)$2fast$0(OCoLC)fst01357231
=650  \7$aFrench Literature.$2hilcc
=650  \7$aLanguages & Literatures.$2hilcc
=650  \7$aRomance Literatures.$2hilcc
=650  \7$aInfluence (Literary, artistic, etc.)$2fast$0(OCoLC)fst00972484
=655  \7$aElectronic books. $2local
=710  2\$aProject Muse.$edistributor
=830  \0$aBook collections on Project MUSE.
=856  40$zFull text available: $uhttps://muse.jhu.edu/book/27569/
=945  \\$aProject MUSE - 2014 Literature
=945  \\$aProject MUSE - 2014 Complete

