=LDR  03334cam a22004694a 4500
=001  musev2_27570
=003  MdBmJHUP
=005  20241011084604.0
=006  m\\\\\o\\d\\\\\\\\
=007  cr||||||||nn|n
=008  130322s2013\\\\ohu\\\\\o\\\\\\00\0\eng\d
=020  \\$a9780814271155
=020  \\$z0814251870
=020  \\$z9780814251874
=020  \\$z0814271154
=035  \\$a(OCoLC)870177327
=040  \\$aMdBmJHUP$cMdBmJHUP
=100  1\$aVan Landingham, Corey,$d1986-
=245  10$aAntidote / $cCorey Van Landingham.
=264  \1$aColumbus :$bOhio State University Press,$c2013.
=264  \3$aBaltimore, Md. :$bProject MUSE, $c2014
=264  \4$c&copy;2013.
=300  \\$a1 online resource (74 pages).
=336  \\$atext$btxt$2rdacontent
=337  \\$acomputer$bc$2rdamedia
=338  \\$aonline resource$bcr$2rdacarrier
=490  0\$aOhio State University Press/The journal award in poetry
=500  \\$aDescription based upon print version of record.
=505  0\$aHalf Title Page; Title Page; Copyright Page; Contents; Acknowledgments; Autonomy, Landscape, Terrible Love; Tabernacle for an Adolescence; Valediction Lessons; Elegy in Which I Refuse to Turn Away; The Chair & The Birdcage; Antidote; Spill; The Louse; Decreation; What You Will Encounter; The Architecture of Fathers; What Will Be Untold; This World Is Only Going to Break Your Heart; During the Autopsy; To Have & To Hold; The Making of a Prophet; [engagement:]; Elegy on Sea Legs; While Terrified of Branches, Making Fun of Moon; Orchard; Valediction Lessons
=505  0\$aParallax Disguised as Endless DisappointmentAll the Sworn on, Sworn off Truths; Romance Novel after the Car Crash; Confessional; Homesteading with the Ghosts; Round Stories Arranged into a Square; And Badly, Too; Diurnal; To Have & To Hold; Dirge: For Pompeii; Covenant; Against the Reification of Isadora Duncan; Valediction Lessons; Bestiary; Hermetic; Elegy; Other Techniques for Elegant Boatmanship; Last Year at Marienbad; Yield Stress; When You Look Away, the World; What You Erase Knits Back Together; Eclogue; To Have & To Hold
=506  0\$aOpen Access$fUnrestricted online access$2star
=520  \\$aIn Corey Van Landingham's Antidote, love equates with disease, valediction is a contact sport, the moon is a lunatic, and someone is always watching. Here the uncanny co-exists with the personal, so that each poem undergoes making and unmaking, is birthed and bound in an acute strangeness. Wild and surreal, driven by loss, Antidote invites both the beautiful and the brutal into its arms, allowing for shocking declarations about love: that it is like hibernation, a car crash, or a parasite. It soon becomes clear that there is no antidote for grief or heartbreak, that love can, at times, feel like violence, and that one may never get better at saying goodbye.
=546  \\$aEnglish.
=588  \\$aDescription based on print version record.
=650  \7$aPoetry, Modern.$2fast$0(OCoLC)fst01067769
=650  \0$aPoetry, Modern$y21st century.
=655  \7$aElectronic books. $2local
=710  2\$aProject Muse.$edistributor
=830  \0$aBook collections on Project MUSE.
=856  40$zFull text available: $uhttps://muse.jhu.edu/book/27570/
=945  \\$aProject MUSE - 2014 Complete
=945  \\$aProject MUSE - 2014 Poetry, Fiction and Creative Non-Fiction

