=LDR  04118cam a22006014a 4500
=001  musev2_27572
=003  MdBmJHUP
=005  20241011084605.0
=006  m\\\\\o\\d\\\\\\\\
=007  cr||||||||nn|n
=008  131118s2013\\\\txu\\\\\o\\\\\\00\0\eng\d
=020  \\$a9781574415421
=020  \\$z9781574415308
=035  \\$a(OCoLC)863158297
=040  \\$aMdBmJHUP$cMdBmJHUP
=245  04$aThe Roots of Latino Urban Agency / $cedited by Sharon A. Navarro and Rodolfo Rosales.
=250  \\$aFirst edition.
=264  \1$aDenton, TX :$bUniversity of North Texas Press,$c[2013]
=264  \3$aBaltimore, Md. :$bProject MUSE, $c2013
=264  \4$c©[2013]
=300  \\$a1 online resource (192 pages).
=336  \\$atext$btxt$2rdacontent
=337  \\$acomputer$bc$2rdamedia
=338  \\$aonline resource$bcr$2rdacarrier
=490  0\$aNumber 8 in Al filo: Mexican American studies series
=505  0\$aIntroduction : Latino urban agency / Sharon A. Navarro and Rodolfo Rosales -- Latino political agency in Los Angeles past & present : diverse conflicts, diverse coalitions, and fates that intertwine / Ralph Armbruster-Sandoval -- The rebirth of Latino urban agency in San Francisco : from the MCO to the MAC, 1967-2006 / Richard Edward DeLeon -- The fight for school equity in Chicago's Latino neighborhoods / Melissa R. Michelson -- Manny Diaz and the rise and fall of the Miami renaissance / Jessica Lavariega Monforti, Juan Carlos Flores, and Dario Moreno -- "I don't see color, I just vote for the best candidate" : the persistence of ethnic polarized voting / Sylvia Manzano and Arturo Vega -- Conclusion : Latino urban agency in the twenty-first century / Sharon A. Navarro and Rodolfo Rosales.
=506  0\$aOpen Access$fUnrestricted online access$2star
=520  \\$aThe 2010 U.S. Census data showed that over the first decade of the twenty-first century, the Latino population grew from 35.3 million to 50.5 million, accounting for more than half of the nation's population growth. This book collects essays that examine this phenomenal growth. In order to understand the Latino community in all its diversity, the analysis has to begin at the grassroots level. The political future of the Latino community in the United States in the twenty-first century will be largely determined by the various roles they have played in the major urban centers across the nation. These essays collectively suggest that political agency can encompass everything from voting, lobbying, networking, grassroots organizing, and mobilization, to dramatic protest. Latinos are, in fact, gaining access to the same political institutions that worked so hard to marginalize them.
=546  \\$aEnglish.
=588  \\$aDescription based on print version record.
=650  \7$aPolitical participation.$2fast$0(OCoLC)fst01069386
=650  \7$aMetropolitan government.$2fast$0(OCoLC)fst01018887
=650  \7$aHispanic Americans$xPolitics and government.$2fast$0(OCoLC)fst00957586
=650  \7$aEthnic relations$xPolitical aspects.$2fast$0(OCoLC)fst00916013
=650  \7$aPOLITICAL SCIENCE$xReference.$2bisacsh
=650  \7$aPOLITICAL SCIENCE$xGovernment$xNational.$2bisacsh
=650  \7$aPOLITICAL SCIENCE$xGovernment$xGeneral.$2bisacsh
=650  \7$aPOLITICAL SCIENCE$xEssays.$2bisacsh
=650  \6$aParticipation politique$zÉtats-Unis.
=650  \0$aMetropolitan government$zUnited States.
=650  \0$aPolitical participation$zUnited States.
=650  \0$aHispanic Americans$xPolitics and government.
=651  \7$aUnited States.$2fast$0(OCoLC)fst01204155
=651  \6$aÉtats-Unis$xRelations interethniques$xAspect politique.
=651  \0$aUnited States$xEthnic relations$xPolitical aspects.
=655  \7$aElectronic books. $2local
=700  1\$aRosales, Rodolfo,$eeditor.
=700  1\$aNavarro, Sharon Ann,$eeditor.
=710  2\$aProject Muse.$edistributor
=830  \0$aBook collections on Project MUSE.
=856  40$zFull text available: $uhttps://muse.jhu.edu/book/27572/
=945  \\$aProject MUSE - 2013 Political Science and Policy Studies
=945  \\$aProject MUSE - 2013 Complete

