=LDR  05513cam a22006134a 4500
=001  musev2_27633
=003  MdBmJHUP
=005  20241011084647.0
=006  m\\\\\o\\d\\\\\\\\
=007  cr||||||||nn|n
=008  130731t20132013miu\\\\\o\\\\\\00\0\eng\d
=010  \\$z  2019667436
=020  \\$a9780472029914
=020  \\$z9780472052066
=020  \\$z9780472072064
=035  \\$a(OCoLC)859619365
=040  \\$aMdBmJHUP$cMdBmJHUP
=245  00$aWriting History in the Digital Age / $cJack Dougherty, Kristen Nawrotzki, editors.
=264  \1$aAnn Arbor :$bUniversity of Michigan Press,$c[2013]
=264  \3$aBaltimore, Md. :$bProject MUSE, $c2014
=264  \4$c©[2013]
=300  \\$a1 online resource (304 pages).
=336  \\$atext$btxt$2rdacontent
=337  \\$acomputer$bc$2rdamedia
=338  \\$aonline resource$bcr$2rdacarrier
=490  0\$aDigital humanities
=505  00$tIs (digital) history more than an argument about the past? /$rSherman Dorn --$tPasts in a digital age /$rStefan Tanaka --$tI nevertheless am a historian : digital historical practice and malpractice around black Confederate soldiers /$rLeslie Madsen-Brooks --$tThe historian's craft, popular memory, and Wikipedia /$rRobert S. Wolff --$tThe Wikiblitz : a Wikipedia editing assignment in a first-year undergraduate class /$rShawn Graham --$tWikipedia and women's history : a classroom experience /$rMartha Saxton --$tToward teaching the introductory history course, digitally /$rThomas Harbison,$rLuke Waltzer --$tLearning how to write analog and digital history /$rAdrea Lawrence --$tTeaching Wikipedia without apologies /$rAmanda Seligman --$tHistorical research and the problem of categories : reflections on 10,000 digital note cards /$rAnsley T. Erickson --$tCreating meaning in a sea of information : the Women and social movements Web sites /$rKathryn Kish Sklar,$rThomas Dublin --$tThe hermeneutics of data and historical writing /$rFred Gibbs,$rTrevor Owens --$tVisualizations and historical arguments /$rJohn Theibault --$tPutting Harlem on the map /$rStephen Robertson --$tPox and the city : challenges in writing a digital history game /$rLaura Zucconi,$rEthan Watrall,$rHannah Ueno,$rLisa Rosner --$tWriting Chicana/o history with the Seattle Civil Rights and Labor History Project /$rOscar Rosales Castañeda --$tCitizen scholars : Facebook and the co-creation of knowledge /$rAmanda Grace Sikarskie --$tThe HeritageCrowd Project : a case study in crowdsourcing public history /$rShawn Graham,$rGuy Massie,$rNadine Feuerherm --$tThe accountability partnership : writing and surviving in the digital age /$rNatalia Mehlman Petrzela,$rSarah Manekin --$tOnly typing? : informal writing, Blogging, and the academy /$rAlex Sayf Cummings,$rJonathan Jarrett --$tConclusions : what we learned from Writing history in the digital age /$rJack Dougherty,$rKristen Nawrotzi,$rCharlotte D. Rochez,$rTimothy Burke.
=506  0\$aOpen Access$fUnrestricted online access$2star
=520  \\$a"Writing History in the Digital Age began as a one-month experiment in October 2010, featuring chapter-length essays by a wide array of scholars with the goal of rethinking traditional practices of researching, writing, and publishing, and the broader implications of digital technology for the historical profession. The essays and discussion topics were posted on a WordPress platform with a special plug-in that allowed readers to add paragraph-level comments in the margins, transforming the work into socially networked texts. This first installment drew an enthusiastic audience, over 50 comments on the texts, and over 1,000 unique visitors to the site from across the globe, with many who stayed on the site for a significant period of time to read the work. To facilitate this new volume, Jack Dougherty and Kristen Nawrotzki designed a born-digital, open-access platform to capture reader comments on drafts and shape the book as it developed. Following a period of open peer review and discussion, the finished product now presents 20 essays from a wide array of notable scholars, each examining (and then breaking apart and reexamining) how digital and emergent technologies have changed the ways that historians think, teach, author, and publish"--$cProvided by publisher
=546  \\$aEnglish.
=588  \\$aDescription based on print version record.
=650  \7$aHistory$xResearch$xData processing$2fast$0(OCoLC)fst00958284
=650  \7$aHistory$xMethodology$2fast$0(OCoLC)fst00958259
=650  \7$aHistoriography$2fast$0(OCoLC)fst00958221
=650  \7$aElectronic data processing$2fast$0(OCoLC)fst00906956
=650  \7$aAcademic writing$xData processing$2fast$0(OCoLC)fst00795094
=650  \7$aSOCIAL SCIENCE$xMedia Studies.$2bisacsh
=650  \7$aHISTORY$xHistoriography.$2bisacsh
=650  \6$aHistoire$xRecherche$xInformatique.
=650  \6$aHistoire$xMethodologie.
=650  \6$aÉcriture savante$xInformatique.
=650  \0$aHistory$xResearch$xData processing.
=650  \0$aHistory$xMethodology.
=650  \0$aHistoriography.
=650  \0$aElectronic data processing.
=650  \0$aAcademic writing$xData processing.
=655  \7$aElectronic books. $2local
=700  1\$aNawrotzki, Kristen.
=700  1\$aDougherty, Jack.
=710  2\$aProject Muse.$edistributor
=830  \0$aBook collections on Project MUSE.
=856  40$zFull text available: $uhttps://muse.jhu.edu/book/27633/
=945  \\$aProject MUSE - 2014 Higher Education
=945  \\$aProject MUSE - 2014 Complete

