=LDR  03968cam a22006734a 4500
=001  musev2_27709
=003  MdBmJHUP
=005  20241011084738.0
=006  m\\\\\o\\d\\\\\\\\
=007  cr||||||||nn|n
=008  130614s2013\\\\ohu\\\\\o\\\\\\00\0\eng\d
=020  \\$a9780814271193
=020  \\$z9780814212363
=020  \\$z0814271197
=020  \\$z0814212360
=035  \\$a(OCoLC)870684347
=040  \\$aMdBmJHUP$cMdBmJHUP
=245  00$aEconomic Women : $bEssays on Desire and Dispossession in Nineteenth-Century British Culture / $cedited by Lana L. Dalley and Jill Rappoport.
=264  \1$aColumbus :$bOhio State University Press,$c2013.
=264  \3$aBaltimore, Md. :$bProject MUSE, $c2014
=264  \4$c©2013.
=300  \\$a1 online resource (256 pages).
=336  \\$atext$btxt$2rdacontent
=337  \\$acomputer$bc$2rdamedia
=338  \\$aonline resource$bcr$2rdacarrier
=505  0\$aIntroducing economic women / Lana L. Dalley and Jill Rappoport -- Gentry, gender, and the moral economy during the Revolutionary and Napoleonic wars in provincial England / Kathryn Gleadle -- Women, free trade, and Harriet Martineau's Dawn Island at the 1845 Anti-Corn Law League bazaar / Leslee Thorne-Murphy -- Sacrificial value : beyond the cash nexus in George Eliot's Romola / Ilana M. Blumberg -- Florence Nightingale's contributions to economics / Mary Poovey -- The cost of everything in Middlemarch / Gordon Bigelow -- Demand and desire in Dracula / Deanna K. Kreisel -- "A pauper every wife is" : Lady Westmeath, money, marriage, and divorce in early nineteenth-century England / Janette Rutterford -- Marriage, celibacy, or emigration? Debating the costs of family life in mid-Victorian England / Erika Rappaport -- "Absolutely Miss Fairlie's own" : emasculating economics in The woman in white / Esther Godfrey -- "She'd give her two ears to know" : the gossip economy in Ellen Wood's St Martin's eve / Tara MacDonald -- Charlotte Riddell : novelist of "the city" / Nancy Henry -- A "formidable" business : British women travelers in the colonial medical market / Narin Hassan -- Afterword-and forward : economic women in their time, our time, and the future / Regenia Gagnier.
=506  0\$aOpen Access$fUnrestricted online access$2star
=546  \\$aEnglish.
=588  \\$aDescription based on print version record.
=650  \7$aWomen in literature.$2fast$0(OCoLC)fst01177912
=650  \7$aWomen$xEconomic conditions.$2fast$0(OCoLC)fst01176665
=650  \7$aWomen and literature.$2fast$0(OCoLC)fst01177093
=650  \7$aEnglish fiction.$2fast$0(OCoLC)fst00910817
=650  \7$aEconomics in literature.$2fast$0(OCoLC)fst00902247
=650  \6$aRoman anglais$y19e siecle$xHistoire et critique.
=650  \6$aFemmes et litterature$zGrande-Bretagne$xHistoire$y19e siecle.
=650  \6$aFemmes$zGrande-Bretagne$xConditions economiques$y19e siecle.
=650  \6$aFemmes dans la litterature.
=650  \6$aÉconomie politique dans la litterature.
=650  \4$aEnglish Literature.
=650  \4$aLanguages & Literatures.
=650  \4$aEnglish.
=650  \0$aEnglish fiction$y19th century$xHistory and criticism.
=650  \0$aWomen and literature$zGreat Britain$xHistory$y19th century.
=650  \0$aWomen$zGreat Britain$xEconomic conditions$y19th century.
=650  \0$aWomen in literature.
=650  \0$aEconomics in literature.
=651  \7$aGreat Britain.$2fast$0(OCoLC)fst01204623
=655  \7$aHistory.$2fast$0(OCoLC)fst01411628
=655  \7$aCriticism, interpretation, etc.$2fast$0(OCoLC)fst01411635
=655  \7$aElectronic books. $2local
=700  1\$aDalley, Lana L.,$d1976-
=700  1\$aRappoport, Jill.
=710  2\$aProject Muse.$edistributor
=830  \0$aBook collections on Project MUSE.
=880  3\$6246-00/{dollar}1$a捅湯浯捩圠浯湥
=856  40$zFull text available: $uhttps://muse.jhu.edu/book/27709/
=945  \\$aProject MUSE - 2014 Literature
=945  \\$aProject MUSE - 2014 Complete

