=LDR  01908cam a22004814a 4500
=001  musev2_27742
=003  MdBmJHUP
=005  20241011084806.0
=006  m\\\\\o\\d\\\\\\\\
=007  cr||||||||nn|n
=008  090910s2010\\\\ohu\\\\\o\\\\\\00\0\eng\d
=020  \\$a9780814271230
=020  \\$z0814211135
=020  \\$z0814271235
=020  \\$z9780814211137
=035  \\$a(OCoLC)749171900
=040  \\$aMdBmJHUP$cMdBmJHUP
=100  1\$aDeFalco, Amelia,$d1978-
=245  10$aUncanny Subjects : $bAging in Contemporary Narrative / $cAmelia DeFalco.
=264  \1$aColumbus :$bOhio State University Press,$c2010.
=264  \3$aBaltimore, Md. :$bProject MUSE, $c2015
=264  \4$c&copy;2010.
=300  \\$a1 online resource (192 pages).
=336  \\$atext$btxt$2rdacontent
=337  \\$acomputer$bc$2rdamedia
=338  \\$aonline resource$bcr$2rdacarrier
=505  0\$aBackward glances : narrative identity and late-life review -- Troubling versions : dementia and identity -- Aging, doubles, and the mania of dissemblance.
=506  0\$aOpen Access$fUnrestricted online access$2star
=588  \\$aDescription based on print version record.
=650  \7$aOld age in literature.$2fast$0(OCoLC)fst01045348
=650  \7$aIdentity (Psychology) in old age.$2fast$0(OCoLC)fst00966912
=650  \7$aAging in motion pictures.$2fast$0(OCoLC)fst01902323
=650  \7$aAging in literature.$2fast$0(OCoLC)fst00800359
=650  \0$aOld age in literature.
=650  \0$aIdentity (Psychology) in old age.
=650  \0$aAging in literature.
=650  \0$aAging in motion pictures.
=655  \7$aElectronic books. $2local
=710  2\$aProject Muse.$edistributor
=830  \0$aBook collections on Project MUSE.
=856  40$zFull text available: $uhttps://muse.jhu.edu/book/27742/
=945  \\$aProject MUSE - Archive Complete Supplement III
=945  \\$aProject MUSE - Archive Literature Supplement III

