=LDR  01285cam a22003734a 4500
=001  musev2_27754
=003  MdBmJHUP
=005  20241011084815.0
=006  m\\\\\o\\d\\\\\\\\
=007  cr||||||||nn|n
=008  201109s2009\\\\xx\\\\\\o\\\\\\00\0\eng\d
=020  \\$a9780814271438
=020  \\$z081427143X
=020  \\$z0814211038
=020  \\$z9780814211038
=035  \\$a(OCoLC)680489620
=040  \\$aMdBmJHUP$cMdBmJHUP
=100  1\$aChristine Bolus-Reichert.
=245  14$aThe Age of Eclecticism : $bLiterature and Culture in Britain, 1815-1885
=264  \1$bOhio State University Press$c2009.
=264  \3$aBaltimore, Md. :$bProject MUSE, $c2015
=264  \4$c&copy;2009.
=300  \\$a1 online resource (296 pages).
=336  \\$atext$btxt$2rdacontent
=337  \\$acomputer$bc$2rdamedia
=338  \\$aonline resource$bcr$2rdacarrier
=506  0\$aOpen Access$fUnrestricted online access$2star
=588  \\$aDescription based on print version record.
=655  \7$aElectronic books. $2local
=710  2\$aProject Muse.$edistributor
=830  \0$aBook collections on Project MUSE.
=856  40$zFull text available: $uhttps://muse.jhu.edu/book/27754/
=945  \\$aProject MUSE - Archive Complete Supplement III
=945  \\$aProject MUSE - Archive Literature Supplement III

