=LDR  01550cam a22004214a 4500
=001  musev2_27772
=003  MdBmJHUP
=005  20241011084828.0
=006  m\\\\\o\\d\\\\\\\\
=007  cr||||||||nn|n
=008  150217s2009\\\\ohu\\\\\o\\\\\\00\0\eng\d
=020  \\$a9780814271544
=020  \\$z0814251595
=020  \\$z0814271545
=020  \\$z9780814251591
=035  \\$a(OCoLC)682101869
=040  \\$aMdBmJHUP$cMdBmJHUP
=100  1\$aWayson, Kary,$d1970-
=245  10$aAmerican Husband / $cKary Wayson.
=264  \1$aColumbus :$bOhio State University Press,$c2009.
=264  \3$aBaltimore, Md. :$bProject MUSE, $c2015
=264  \4$c&copy;2009.
=300  \\$a1 online resource (46 pages).
=336  \\$atext$btxt$2rdacontent
=337  \\$acomputer$bc$2rdamedia
=338  \\$aonline resource$bcr$2rdacarrier
=500  \\$a"Winner of the 2008 Ohio State University Press/The journal award in poetry.
=506  0\$aOpen Access$fUnrestricted online access$2star
=520  \\$aA volume of poetry about motherhood, travel, being.
=588  \\$aDescription based on print version record.
=650  \7$aAmerican poetry$2fast$0(OCoLC)fst00807348
=650  \0$aAmerican poetry$y21st century.
=655  \7$aElectronic books. $2local
=710  2\$aProject Muse.$edistributor
=830  \0$aBook collections on Project MUSE.
=856  40$zFull text available: $uhttps://muse.jhu.edu/book/27772/
=945  \\$aProject MUSE - Archive Complete Supplement III
=945  \\$aProject MUSE - Archive Poetry, Fiction and Creative Non-Fiction Supplement III

