=LDR  04608cam a22007454a 4500
=001  musev2_27774
=003  MdBmJHUP
=005  20241011084829.0
=006  m\\\\\o\\d\\\\\\\\
=007  cr||||||||nn|n
=008  101023s2009\\\\ohu\\\\\o\\\\\\00\0\eng\d
=020  \\$a9780814271513
=020  \\$z9780814211007
=020  \\$z0814271510
=020  \\$z0814211003
=035  \\$a(OCoLC)671558271
=040  \\$aMdBmJHUP$cMdBmJHUP
=100  1\$aSeniors, Paula Marie,$eauthor.
=245  10$aBeyond Lift Every Voice and Sing : $bThe Culture of Uplift, Identity, and Politics in Black Musical Theatre / $cPaula Marie Seniors.
=264  \1$aColumbus :$bOhio State University Press,$c2009.
=264  \3$aBaltimore, Md. :$bProject MUSE, $c2015
=264  \4$c©2009.
=300  \\$a1 online resource (292 pages): $billustrations
=336  \\$atext$btxt$2rdacontent
=337  \\$acomputer$bc$2rdamedia
=338  \\$aonline resource$bcr$2rdacarrier
=490  0\$aBlack performance and cultural criticism
=505  0\$aThe origins of the Cole and Johnson musical theater team -- Cole and Johnson's social and political thought : the case of Shoo fly regiment and the Spanish-American war -- Theatrical imaginings : Cole and Johnson's The shoo fly regiment -- The red moon : the interconnections between theater and history, the black and native Americanization program at Hampton Institute -- Cole and Johnson and the Gibson Gal : gender, race and uplift.
=506  0\$aOpen Access$fUnrestricted online access$2star
=520  \\$aPaula Marie Seniors's Beyond Lift Every Voice and Sing explores the realities of African American life and history as refracted through the musical theater productions of one of the most prolific black song-writing teams of the early twentieth century. James Weldon Johnson, J. Rosamond Johnson, and Bob Cole combined conservative and progressive ideas in a complex and historically specific strategy for overcoming racism and its effects. In Shoo Fly Regiment (1906-1908) and The Red Moon (1908-1910), theater, uplift, and politics collided as the team tried to communicate a politics of uplift, racial pride, gender equality, and interethnic coalitions. The overarching question of this study is how roles and representations in black musical theater both reflected and challenged the dominant social order. While some scholars dismiss the team as conformists, Seniors's contention is that they used the very tools of hegemony to make progressive political statements and to create a distinctly black theater informed by black politics, history, and culture. These men were writers, musicians, actors, and vaudevillians who strove to change the perception of African Americans on stage from one of minstrelsy buffoonery to one of dignity and professionalism [Publisher description].
=588  \\$aDescription based on print version record.
=600  17$aCole, Bob$cKomponist.$2swd
=600  17$aJohnson, John Rosamond.$2swd
=600  17$aJohnson, James Weldon.$2swd
=600  17$aCole, Bob.$2idszbz
=600  17$aJohnson, John Rosamond.$2idszbz
=600  17$aJohnson, James W.$2idszbz
=600  17$aJohnson, James Weldon,$d1871-1938.$2fast$0(OCoLC)fst00045815
=600  17$aJohnson, J. Rosamond$q(John Rosamond),$d1873-1954.$2fast$0(OCoLC)fst00180490
=600  17$aCole, Bob,$d1868-1911.$2fast$0(OCoLC)fst00296928
=600  10$aCole, Bob,$d1868-1911.
=600  10$aJohnson, J. Rosamond$q(John Rosamond),$d1873-1954.
=600  10$aJohnson, James Weldon,$d1871-1938.
=650  \7$aSchwarze.$2idszbz
=650  \7$aTheater.$2idszbz
=650  \7$aMusical.$2idszbz
=650  \7$aMusiktheater$2gnd
=650  \7$aPolitik$2gnd
=650  \7$aMusical theater.$2fast$0(OCoLC)fst01030807
=650  \7$aAfrican Americans in musical theater.$2fast$0(OCoLC)fst01747045
=650  \6$aTheâtre musical$zÉtats-Unis$xHistoire.
=650  \0$aMusical theater$zUnited States$xHistory.
=650  \0$aAfrican Americans in musical theater$xHistory.
=651  \7$aUSA.$2swd
=651  \7$aSchwarze.$2swd
=651  \7$aUSA.$2idszbz
=651  \7$aUnited States.$2fast$0(OCoLC)fst01204155
=655  \7$aHistory.$2fast$0(OCoLC)fst01411628
=655  \7$aElectronic books. $2local
=710  2\$aProject Muse.$edistributor
=830  \0$aBook collections on Project MUSE.
=856  40$zFull text available: $uhttps://muse.jhu.edu/book/27774/
=945  \\$aProject MUSE - Archive Complete Supplement III
=945  \\$aProject MUSE - Archive American Studies Supplement II
=945  \\$aProject MUSE - Archive Film, Theater and Performing Arts Supplement III

