=LDR  02471cam a22005294a 4500
=001  musev2_27775
=003  MdBmJHUP
=005  20241011084830.0
=006  m\\\\\o\\d\\\\\\\\
=007  cr||||||||nn|n
=008  090219s2009\\\\ohu\\\\\o\\\\\\00\0\eng\d
=020  \\$a9780814271506
=020  \\$z9780814211021
=020  \\$z0814271502
=020  \\$z081421102X
=035  \\$a(OCoLC)899261243
=040  \\$aMdBmJHUP$cMdBmJHUP
=100  1\$aRaskolnikov, Masha,$d1972-
=245  10$aBody Against Soul : $bGender and Sowlehele in Middle English Allegory / $cMasha Raskolnikov.
=264  \1$aColumbus :$bOhio State University Press,$c2009.
=264  \3$aBaltimore, Md. :$bProject MUSE, $c2015
=264  \4$c&copy;2009.
=300  \\$a1 online resource (225 pages).
=336  \\$atext$btxt$2rdacontent
=337  \\$acomputer$bc$2rdamedia
=338  \\$aonline resource$bcr$2rdacarrier
=490  0\$aInterventions : new studies in medieval culture
=505  0\$aThought enfleshed : philosophy and psychology as figured in Latin allegory -- Allegorizing the split self : a Middle English debate between the body and the soul -- "The soul is the prison of the body" : pedagogy, punishment, and self-love in a Middle English debate -- Defending the female self : "Sawles warde" and sowlehele -- Promising the female, delivering the male : transformations of gender in Piers Plowman.
=506  0\$aOpen Access$fUnrestricted online access$2star
=588  \\$aDescription based on print version record.
=650  \6$aAllegorie.
=650  \6$aEsprit et corps dans la litterature.
=650  \6$aLitterature anglaise$y1100-1500 (Moyen anglais)$xHistoire et critique.
=650  \7$aLITERARY CRITICISM / General$2bisacsh
=650  \7$aEnglish literature$xMiddle English.$2fast$0(OCoLC)fst01710961
=650  \7$aBody and soul in literature.$2fast$0(OCoLC)fst01896037
=650  \7$aAllegory.$2fast$0(OCoLC)fst00805516
=650  \0$aAllegory.
=650  \0$aBody and soul in literature.
=650  \0$aEnglish literature$yMiddle English, 1100-1500$xHistory and criticism.
=655  \7$aCriticism, interpretation, etc.$2fast$0(OCoLC)fst01411635
=655  \7$aElectronic books. $2local
=710  2\$aProject Muse.$edistributor
=830  \0$aBook collections on Project MUSE.
=856  40$zFull text available: $uhttps://muse.jhu.edu/book/27775/
=945  \\$aProject MUSE - Archive Complete Supplement III
=945  \\$aProject MUSE - Archive Literature Supplement III

