=LDR  02524cam a22005654a 4500
=001  musev2_27776
=003  MdBmJHUP
=005  20241011084831.0
=006  m\\\\\o\\d\\\\\\\\
=007  cr||||||||nn|n
=008  110720s2009\\\\ohu\\\\\o\\\\\\00\0\eng\d
=020  \\$a9780814271551
=020  \\$z0814271553
=020  \\$z9780814211090
=020  \\$z0814211097
=035  \\$a(OCoLC)741874872
=040  \\$aMdBmJHUP$cMdBmJHUP
=041  0\$aeng$alat
=100  1\$aWoods, Marjorie Curry,$d1947-
=245  10$aClassroom Commentaries : $bTeaching the Poetria nova across Medieval and Renaissance Europe / $cMarjorie Curry Woods.
=264  \1$aColumbus :$bOhio State University Press,$c2010.
=264  \3$aBaltimore, Md. :$bProject MUSE, $c2015
=264  \4$c&copy;2010.
=300  \\$a1 online resource (480 pages).
=336  \\$atext$btxt$2rdacontent
=337  \\$acomputer$bc$2rdamedia
=338  \\$aonline resource$bcr$2rdacarrier
=490  0\$aText and context
=505  0\$aWhy was the Poetria nova so popular? -- The Poetria nova as school text -- The Poetria nova as early humanist text -- The Poetria nova as university text in Central Europe -- Seventeenth-century commentaries on the Poetria nova.
=506  0\$aOpen Access$fUnrestricted online access$2star
=588  \\$aDescription based on print version record.
=600  01$aGeoffrey,$cof Vinsauf,$dactive 1200.$tPoetria nova.
=600  00$aGeoffrey,$cof Vinsauf,$dactive 1200.$tPoetria nova.
=650  \7$aRhetoric, Medieval.$2fast$0(OCoLC)fst01096987
=650  \7$aLatin poetry, Medieval and modern.$2fast$0(OCoLC)fst00993385
=650  \7$aDidactic literature, Latin (Medieval and modern)$2fast$0(OCoLC)fst00892969
=650  \6$aPoesie latine medievale et moderne$xHistoire et critique.
=650  \6$aLitterature didactique latine medievale et moderne.
=650  \6$aRhetorique medievale.
=650  \0$aLatin poetry, Medieval and modern$xHistory and criticism.
=650  \0$aDidactic literature, Latin (Medieval and modern)
=650  \0$aRhetoric, Medieval.
=630  07$aPoetria nova (Geoffrey, of Vinsauf)$2fast$0(OCoLC)fst01357239
=655  \7$aCriticism, interpretation, etc.$2fast$0(OCoLC)fst01411635
=655  \7$aElectronic books. $2local
=710  2\$aProject Muse.$edistributor
=830  \0$aBook collections on Project MUSE.
=856  40$zFull text available: $uhttps://muse.jhu.edu/book/27776/
=945  \\$aProject MUSE - Archive Complete Supplement III
=945  \\$aProject MUSE - Archive Literature Supplement III

