=LDR  04254cam a22006614a 4500
=001  musev2_27777
=003  MdBmJHUP
=005  20241011084831.0
=006  m\\\\\o\\d\\\\\\\\
=007  cr||||||||nn|n
=008  110819s2009\\\\ohu\\\\\o\\\\\\00\0\eng\d
=020  \\$a9780814271469
=020  \\$z9780814211014
=020  \\$z0814271464
=020  \\$z0814211011
=035  \\$a(OCoLC)747305649
=040  \\$aMdBmJHUP$cMdBmJHUP
=100  1\$aHedley, Jane.
=245  10$aI Made You to Find Me : $bThe Coming of Age of the Woman Poet and the Politics of Poetic Address / $cJane Hedley.
=264  \1$aColumbus :$bThe Ohio State University Press,$c2009.
=264  \3$aBaltimore, Md. :$bProject MUSE, $c2015
=264  \4$c©2009.
=300  \\$a1 online resource (199 pages): $billustrations
=336  \\$atext$btxt$2rdacontent
=337  \\$acomputer$bc$2rdamedia
=338  \\$aonline resource$bcr$2rdacarrier
=505  00$tAnne Sexton and the gender of poethood --$tAdrienne Rich's anti-confessional poetics --$tSylvia Plath's ekphrastic impulse --$tRace and rhetoric in the poetry of Gwendolyn Brooks.
=506  0\$aOpen Access$fUnrestricted online access$2star
=520  \\$aWhen Anne Sexton, Adrienne Rich, Sylvia Plath, and Gwendolyn Brooks began to write poetry during the 1940s and 1950s, each had to wonder whether she could be taken seriously as a poet while speaking in a woman's voice. This book title, the last line of one of Sexton's early poems, calls attention to how resourcefully the "I-You" relation had to be staged in order for this question to have an affirmative answer. Whereas Rich tried at first to speak to her own historical moment in the register of universality, Plath openly aspired to be "the Poetess of America." For Brooks, womanhood and "blackness" were inextricable markers of poetic identity. The author's approach engages biographical, formal, and rhetorical analysis as means to explore each poet's stated intentions, political stakes, and rhetorical strategies within their own historical context. Sexton's aggressively social persona called attention to the power dynamics of intimate relationships; Plath's poems lifted these relationships onto a different plane of reality, where their tragic potential could be more readily engaged. Rich's poems bear witness to the enormous difficulty, notwithstanding the crucial importance, of reciprocity, of making "you" to find "we." For Brooks, the crucial question has been whether she could presuppose an "American" audience without compromising her allegiance to "blackness."
=588  \\$aDescription based on print version record.
=650  \7$aSchriftstellerin$2gnd
=650  \7$aLiteratur$2gnd
=650  \7$aWomen poets, American.$2fast$0(OCoLC)fst01178325
=650  \7$aWomen and literature.$2fast$0(OCoLC)fst01177093
=650  \7$aAmerican poetry$xWomen authors.$2fast$0(OCoLC)fst00807417
=650  \7$aAmerican poetry.$2fast$0(OCoLC)fst00807348
=650  \7$aAmerican literature$xWomen authors.$2fast$0(OCoLC)fst00807271
=650  \7$aLITERARY CRITICISM$xGeneral.$2bisacsh
=650  \6$aPoetesses americaines$y20e siecle.
=650  \6$aPoesie americaine$y20e siecle$xHistoire et critique.
=650  \6$aÉcrits de femmes americains$xHistoire et critique.
=650  \6$aFemmes et litterature$zÉtats-Unis$xHistoire$y20e siecle.
=650  \0$aWomen and literature$zUnited States$xHistory$y20th century.
=650  \0$aAmerican literature$xWomen authors$xHistory and criticism.
=650  \0$aAmerican poetry$y20th century$xHistory and criticism.
=650  \0$aAmerican poetry$xWomen authors$xHistory and criticism.
=650  \0$aWomen poets, American$y20th century.
=651  \7$aEnglisch.$2swd
=651  \7$aUSA$2gnd
=651  \7$aUnited States.$2fast$0(OCoLC)fst01204155
=655  \7$aHistory.$2fast$0(OCoLC)fst01411628
=655  \7$aCriticism, interpretation, etc.$2fast$0(OCoLC)fst01411635
=655  \7$aElectronic books. $2local
=710  2\$aProject Muse.$edistributor
=830  \0$aBook collections on Project MUSE.
=856  40$zFull text available: $uhttps://muse.jhu.edu/book/27777/
=945  \\$aProject MUSE - Archive Complete Supplement III
=945  \\$aProject MUSE - Archive Literature Supplement III

