=LDR  02869cam a22006494a 4500
=001  musev2_27778
=003  MdBmJHUP
=005  20241011084832.0
=006  m\\\\\o\\d\\\\\\\\
=007  cr||||||||nn|n
=008  110819s2009\\\\ohu\\\\\o\\\\\\00\0\eng\d
=020  \\$a9780814271445
=020  \\$z0814211089
=020  \\$z0814271448
=020  \\$z9780814211083
=035  \\$a(OCoLC)747305674
=040  \\$aMdBmJHUP$cMdBmJHUP
=100  1\$aGoodwin, James,$d1945-
=245  10$aModern American Grotesque : $bLiterature and Photography / $cJames Goodwin.
=264  \1$aColumbus :$bOhio State University Press,$c2009.
=264  \3$aBaltimore, Md. :$bProject MUSE, $c2015
=264  \4$c&copy;2009.
=300  \\$a1 online resource (225 pages): $billustrations
=336  \\$atext$btxt$2rdacontent
=337  \\$acomputer$bc$2rdamedia
=338  \\$aonline resource$bcr$2rdacarrier
=505  0\$aThe grotesque -- American traditions of the grotesque -- The modern : depiction and description -- Grotesques in modern America : Sherwood Anderson -- "Elephantine close-ups" : Nathanael West -- All God's grotesques : Flannery O'Connor -- New York sights : Weegee -- Creatural realism : Diane Arbus -- Conclusion. Grotesque to monstrous.
=506  0\$aOpen Access$fUnrestricted online access$2star
=588  \\$aDescription based on print version record.
=650  \6$aRoman americain$y20e siecle$xHistoire et critique.
=650  \6$aGrotesque dans la litterature.
=650  \6$aGrotesque dans l'art.
=650  \7$agrotesque$xphotographie americaine (Etats-Unis)$y20e s.$2rero
=650  \7$aculture de masse$xgrotesque$zEtats-Unis$y20e s.$x21e s. (debut)$2rero
=650  \7$agrotesque$xlitterature americaine (Etats-Unis)$y20e s.$2rero
=650  \7$aFotografie$2gnd
=650  \7$aDas Groteske$2gnd
=650  \7$aGroteske$gKunst$2gnd
=650  \7$aGroteske$gLiteratur$2gnd
=650  \7$aPhotography.$2fast$0(OCoLC)fst01061714
=650  \7$aGrotesque in literature.$2fast$0(OCoLC)fst00948126
=650  \7$aGrotesque in art.$2fast$0(OCoLC)fst00948125
=650  \7$aAmerican fiction.$2fast$0(OCoLC)fst00807048
=650  \0$aPhotography$zUnited States$xHistory$y20th century.
=650  \0$aGrotesque in art.
=650  \0$aGrotesque in literature.
=650  \0$aAmerican fiction$y20th century$xHistory and criticism.
=651  \7$aUSA.$2swd
=651  \7$aUnited States.$2fast$0(OCoLC)fst01204155
=655  \7$aHistory.$2fast$0(OCoLC)fst01411628
=655  \7$aCriticism, interpretation, etc.$2fast$0(OCoLC)fst01411635
=655  \7$aElectronic books. $2local
=710  2\$aProject Muse.$edistributor
=830  \0$aBook collections on Project MUSE.
=856  40$zFull text available: $uhttps://muse.jhu.edu/book/27778/
=945  \\$aProject MUSE - Archive Complete Supplement III
=945  \\$aProject MUSE - Archive Literature Supplement III

