=LDR  02978cam a22006254a 4500
=001  musev2_27779
=003  MdBmJHUP
=005  20241011084834.0
=006  m\\\\\o\\d\\\\\\\\
=007  cr||||||||nn|n
=008  090619s2009\\\\ohu\\\\\o\\\\\\00\0\eng\d
=020  \\$a9780814271483
=020  \\$z9780814211113
=020  \\$z0814271480
=020  \\$z0814211119
=035  \\$a(OCoLC)899261239
=040  \\$aMdBmJHUP$cMdBmJHUP
=100  1\$aMorgan, Monique R.,$d1974-
=245  10$aNarrative Means, Lyric Ends : $bTemporality in the Nineteenth-Century British Long Poem / $cMonique R. Morgan.
=264  \1$aColumbus :$bOhio State University Press,$c2009.
=264  \3$aBaltimore, Md. :$bProject MUSE, $c2015
=264  \4$c&copy;2009.
=300  \\$a1 online resource (233 pages).
=336  \\$atext$btxt$2rdacontent
=337  \\$acomputer$bc$2rdamedia
=338  \\$aonline resource$bcr$2rdacarrier
=490  0\$aTheory and interpretation of narrative
=505  0\$aThe labyrinthine plots and lyric stasis of Don Juan -- Plot anticipation and lyric association in The prelude -- Juxtaposed fragments of genres in Aurora Leigh -- Temporal hybridity in the dramatic monologue and The ring and the book.
=506  0\$aOpen Access$fUnrestricted online access$2star
=588  \\$aDescription based on print version record.
=600  11$aWordsworth, William,$d1770-1850.$tPrelude.
=600  11$aByron, George Gordon Byron,$cBaron,$d1788-1824.$tDon Juan.
=600  11$aBrowning, Elizabeth Barrett,$d1806-1861.$tAurora Leigh.
=600  11$aBrowning, Robert,$d1812-1889.$tRing and the book.
=600  10$aWordsworth, William,$d1770-1850.$tPrelude.
=600  10$aByron, George Gordon Byron,$cBaron,$d1788-1824.$tDon Juan.
=600  10$aBrowning, Elizabeth Barrett,$d1806-1861.$tAurora Leigh.
=600  10$aBrowning, Robert,$d1812-1889.$tRing and the book.
=630  07$aRing and the book (Browning, Robert)$2fast$0(OCoLC)fst01356197
=630  07$aPrelude (Wordsworth, William)$2fast$0(OCoLC)fst01356202
=630  07$aDon Juan (Byron, George Gordon Byron, Baron)$2fast$0(OCoLC)fst01356083
=630  07$aAurora Leigh (Browning, Elizabeth Barrett)$2fast$0(OCoLC)fst01911669
=650  \6$aPoesie anglaise$y19e siecle$xHistoire et critique.
=650  \6$aPoesie narrative$y19e siecle$xHistoire et critique.
=650  \7$aNarrative poetry.$2fast$0(OCoLC)fst01032986
=650  \7$aEnglish poetry.$2fast$0(OCoLC)fst00912278
=650  \0$aEnglish poetry$y19th century$xHistory and criticism.
=650  \0$aNarrative poetry$y19th century$xHistory and criticism.
=655  \7$aCriticism, interpretation, etc.$2fast$0(OCoLC)fst01411635
=655  \7$aElectronic books. $2local
=710  2\$aProject Muse.$edistributor
=830  \0$aBook collections on Project MUSE.
=856  40$zFull text available: $uhttps://muse.jhu.edu/book/27779/
=945  \\$aProject MUSE - Archive Complete Supplement III
=945  \\$aProject MUSE - Archive Literature Supplement III

