=LDR  03170cam a22007334a 4500
=001  musev2_27780
=003  MdBmJHUP
=005  20241011084834.0
=006  m\\\\\o\\d\\\\\\\\
=007  cr||||||||nn|n
=008  110819s2009\\\\ohu\\\\\o\\\\\\00\0\eng\d
=010  \\$z  2009023482
=020  \\$a9780814271391
=020  \\$z0814211100
=020  \\$z9780814211106
=020  \\$z0814271391
=035  \\$a(OCoLC)747306195
=040  \\$aMdBmJHUP$cMdBmJHUP
=100  1\$aAnthony, David,$d1964-$eauthor.
=245  10$aPaper Money Men : $bCommerce, Manhood, and the Sensational Sphere in Antebellum America / $cDavid Anthony.
=264  \1$aColumbus :$bOhio State University Press,$c2009.
=264  \3$aBaltimore, Md. :$bProject MUSE, $c2015
=264  \4$c©2009.
=300  \\$a1 online resource (225 pages): $billustrations
=336  \\$atext$btxt$2rdacontent
=337  \\$acomputer$bc$2rdamedia
=338  \\$aonline resource$bcr$2rdacarrier
=505  0\$a"Sleepy hollow," gothic masculinity, and the panic of 1819 -- Shylock on Wall Street; or, the Jessica complex in antebellum sensationalism -- Banking on emotion: debt and male submission in the urban gothic -- Tabloid manhood, speculative femininity -- "Success" and race in the House of the seven gables.
=506  0\$aOpen Access$fUnrestricted online access$2star
=588  \\$aDescription based on print version record.
=650  \7$aSensation$2gnd
=650  \7$aReichtum$gMotiv$2gnd
=650  \7$aHandel$gMotiv$2gnd
=650  \7$aMännlichkeit$gMotiv$2gnd
=650  \7$aLiteratur$2gnd
=650  \7$aWealth in literature.$2fast$0(OCoLC)fst01173002
=650  \7$aSensationalism in literature.$2fast$0(OCoLC)fst01896100
=650  \7$aMoney in literature.$2fast$0(OCoLC)fst01025320
=650  \7$aMasculinity in literature.$2fast$0(OCoLC)fst01011040
=650  \7$aEconomics in literature.$2fast$0(OCoLC)fst00902247
=650  \7$aAmerican literature.$2fast$0(OCoLC)fst00807113
=650  \6$aSensationnalisme dans la litterature.
=650  \6$aMasculinite$xAspect economique$zÉtats-Unis.
=650  \6$aRichesse dans la litterature.
=650  \6$aMasculinite dans la litterature.
=650  \6$aÉconomie politique dans la litterature.
=650  \6$aLitterature americaine$y19e siecle$xHistoire et critique.
=650  \0$aSensationalism in literature.
=650  \0$aMasculinity$xEconomic aspects$zUnited States.
=650  \0$aWealth in literature.
=650  \0$aMoney in literature.
=650  \0$aMasculinity in literature.
=650  \0$aEconomics in literature.
=650  \0$aAmerican literature$y19th century$xHistory and criticism.
=651  \7$aUSA$2gnd
=651  \7$aUnited States.$2fast$0(OCoLC)fst01204155
=655  \7$aCriticism, interpretation, etc.$2fast$0(OCoLC)fst01411635
=655  \0$aElectronic book.
=655  \7$aElectronic books. $2local
=710  2\$aProject Muse.$edistributor
=830  \0$aBook collections on Project MUSE.
=856  40$zFull text available: $uhttps://muse.jhu.edu/book/27780/
=945  \\$aProject MUSE - Archive Complete Supplement III
=945  \\$aProject MUSE - Archive US Regional Studies, South Supplement III

