=LDR  01807cam a22004454a 4500
=001  musev2_27783
=003  MdBmJHUP
=005  20241011084836.0
=006  m\\\\\o\\d\\\\\\\\
=007  cr||||||||nn|n
=008  190726s2009\\\\xx\\\\\\o\\\\\\00\0\eng\d
=020  \\$a9780814271537
=020  \\$z0814211054
=020  \\$z9780814211052
=020  \\$z0814271537
=035  \\$a(OCoLC)741494963
=040  \\$aMdBmJHUP$cMdBmJHUP
=100  1\$aWatters, G. Thomas$eVerfasserIn.$4aut
=245  14$aThe Freshwater Mussels of Ohio / $cG. Thomas Watters, Michael A. Hoggarth, [and] David H. Stansbery.
=264  \1$aColumbus$bOhio State University Press$c2009
=264  \3$aBaltimore, Md. :$bProject MUSE, $c2015
=264  \4$c&copy;2009
=300  \\$a1 online resource (421 pages): $bill. (chiefly col.), col. maps
=336  \\$atext$btxt$2rdacontent
=337  \\$acomputer$bc$2rdamedia
=338  \\$aonline resource$bcr$2rdacarrier
=500  \\$aIncludes bibliographical references (p. 373-396) and index. - Description based on print version record.
=506  0\$aOpen Access$fUnrestricted online access$2star
=588  \\$aDescription based on print version record.
=650  \4$aFreshwater mussels ; Ohio ; Identification.
=650  \4$aMargaritiferidae ; Ohio ; Identification.
=650  \4$aUnionidae ; Ohio ; Identification.
=655  \7$aElectronic books. $2local
=700  1\$aHoggarth, Michael Alan$d1955-$eMitwirkendeR.$4ctb
=700  1\$aStansbery, David Honor$d1926-$eMitwirkendeR.$4ctb
=710  2\$aProject Muse.$edistributor
=830  \0$aBook collections on Project MUSE.
=856  40$zFull text available: $uhttps://muse.jhu.edu/book/27783/
=945  \\$aProject MUSE - Archive Complete Supplement III
=945  \\$aProject MUSE - Archive US Regional Studies, Midwest Supplement III

