=LDR  02031cam a22004694a 4500
=001  musev2_27784
=003  MdBmJHUP
=005  20241011084837.0
=006  m\\\\\o\\d\\\\\\\\
=007  cr||||||||nn|n
=008  090325s2009\\\\ohu\\\\\o\\\\\\00\0\eng\d
=020  \\$a9780814271421
=020  \\$z0814210996
=020  \\$z9780814210994
=020  \\$z0814271421
=035  \\$a(OCoLC)680596849
=040  \\$aMdBmJHUP$cMdBmJHUP
=100  1\$aBlackwell, Stephen H.$q(Stephen Hardwick),$d1965-
=245  14$aThe Quill and the Scalpel : $bNabokov's Art and the Worlds of Science / $cStephen H. Blackwell.
=264  \1$aColumbus :$bOhio State University Press,$c2009.
=264  \3$aBaltimore, Md. :$bProject MUSE, $c2015
=264  \4$c&copy;2009.
=300  \\$a1 online resource (276 pages): $bill.
=336  \\$atext$btxt$2rdacontent
=337  \\$acomputer$bc$2rdamedia
=338  \\$aonline resource$bcr$2rdacarrier
=505  0\$aNabokov as a scientist -- Nabokovian science and Goethean science -- Utility and futility : Nabokov's biological etudes -- Anti-psychological -- Nabokov's physics : particles, waves, and uncertainty -- Minding the gap : discontinuities in nature, art, and science.
=506  0\$aOpen Access$fUnrestricted online access$2star
=588  \\$aDescription based on print version record.
=650  \7$aScience$xPhilosophy.$2fast$0(OCoLC)fst01108336
=650  \7$aScience and the humanities.$2fast$0(OCoLC)fst01108559
=650  \7$aArt and science.$2fast$0(OCoLC)fst00815430
=650  \0$aArt and science.
=650  \0$aScience$xPhilosophy.
=650  \0$aScience and the humanities.
=600  11$aNabokov, Vladimir Vladimirovich,$d1899-1977$xCriticism and interpretation.
=655  \7$aElectronic books. $2local
=710  2\$aProject Muse.$edistributor
=830  \0$aBook collections on Project MUSE.
=856  40$zFull text available: $uhttps://muse.jhu.edu/book/27784/
=945  \\$aProject MUSE - Archive Complete Supplement III
=945  \\$aProject MUSE - Archive Literature Supplement III

