=LDR  02678cam a22005894a 4500
=001  musev2_27785
=003  MdBmJHUP
=005  20241011084837.0
=006  m\\\\\o\\d\\\\\\\\
=007  cr||||||||nn|n
=008  101108s2009\\\\ohu\\\\\o\\\\\\00\0\eng\d
=020  \\$a9780814271476
=020  \\$z9780814211076
=020  \\$z0814271472
=020  \\$z0814211070
=035  \\$a(OCoLC)680202687
=040  \\$aMdBmJHUP$cMdBmJHUP
=100  1\$aHogan, Patrick Colm.
=245  10$aUnderstanding Nationalism : $bOn Narrative, Cognitive Science, and Identity / $cPatrick Colm Hogan.
=264  \1$aColumbus :$bOhio State University Press,$c2009.
=264  \3$aBaltimore, Md. :$bProject MUSE, $c2015
=264  \4$c©2009.
=300  \\$a1 online resource (386 pages).
=336  \\$atext$btxt$2rdacontent
=337  \\$acomputer$bc$2rdamedia
=338  \\$aonline resource$bcr$2rdacarrier
=490  0\$aTheory and interpretation of narrative
=505  0\$aUnderstanding identity : what it is and what it does -- Hierarchizing identities : techniques of nationalization -- Metaphors and selves : forefathers, roots, and the voice of the people -- Emplotting the nation : the narrative structures of patriotism -- Heroic nationalism and the necessity of war from King David to George W. Bush -- Sacrificial nationalism and its victims : sin and death in Germany and India -- Romantic love and the end of nationalism : Walt Whitman and Emma Goldman.
=506  0\$aOpen Access$fUnrestricted online access$2star
=588  \\$aDescription based on print version record.
=650  \7$aNationalismus$gMotiv$2gnd
=650  \7$aLiteratur$2gnd
=650  \7$aKulturvergleich$2gnd
=650  \7$aKognition$2gnd
=650  \7$aIdentität$2gnd
=650  \7$aNationalismus$2gnd
=650  \7$aNationalism in literature.$2fast$0(OCoLC)fst01033899
=650  \7$aNationalism.$2fast$0(OCoLC)fst01033832
=650  \7$aCognition and culture.$2fast$0(OCoLC)fst00866482
=650  \6$aNationalisme$vÉtudes transculturelles.
=650  \6$aNationalisme dans la litterature.
=650  \6$aCognition et culture$vÉtudes transculturelles.
=650  \0$aCognition and culture$vCross-cultural studies.
=650  \0$aNationalism in literature.
=650  \0$aNationalism$vCross-cultural studies.
=655  \7$aCross-cultural studies.$2fast$0(OCoLC)fst01423769
=655  \7$aElectronic books. $2local
=710  2\$aProject Muse.$edistributor
=830  \0$aBook collections on Project MUSE.
=856  40$zFull text available: $uhttps://muse.jhu.edu/book/27785/
=945  \\$aProject MUSE - Archive Complete Supplement III
=945  \\$aProject MUSE - Archive Literature Supplement III

