=LDR  02733cam a22005414a 4500
=001  musev2_27786
=003  MdBmJHUP
=005  20241011084838.0
=006  m\\\\\o\\d\\\\\\\\
=007  cr||||||||nn|n
=008  090522s2009\\\\ohu\\\\\o\\\\\\00\0\eng\d
=020  \\$a9780814271490
=020  \\$z0814211046
=020  \\$z9780814211045
=020  \\$z0814271499
=035  \\$a(OCoLC)899261247
=040  \\$aMdBmJHUP$cMdBmJHUP
=100  1\$aO'Hara, Daniel T.,$d1948-
=245  10$aVisions of Global America and the Future of Critical Reading / $cDaniel T. O'Hara.
=264  \1$aColumbus :$bOhio State University Press,$c2009.
=264  \3$aBaltimore, Md. :$bProject MUSE, $c2015
=264  \4$c&copy;2009.
=300  \\$a1 online resource (177 pages).
=336  \\$atext$btxt$2rdacontent
=337  \\$acomputer$bc$2rdamedia
=338  \\$aonline resource$bcr$2rdacarrier
=505  0\$aBadiou's truth and the office of the critic : neither gods nor monsters -- Figures of the void : on the subject of truth and the fundamentalist imagination -- "The cry of its occasion" : the subject of truth, or the terror in global terrorism -- Global America and the logics of vision -- America, the symptom : on the post-9/11 allegory in American studies -- Our worldly apocalypse : literature and everyday life -- "Monstrous levity" : between realism and vision in Henry James -- Toward a global democracy : James Baldwin and the stoic vision of amor fati -- Bringing out the terror : James Purdy and the culture of vision.
=506  0\$aOpen Access$fUnrestricted online access$2star
=588  \\$aDescription based on print version record.
=650  \7$aTruth.$2fast$0(OCoLC)fst01158235
=650  \7$aCriticism.$2fast$0(OCoLC)fst00883735
=650  \7$aAmerican literature.$2fast$0(OCoLC)fst00807113
=650  \0$aCriticism$zUnited States.
=650  \0$aAmerican literature$xHistory and criticism.
=650  \0$aTruth.
=600  11$aBadiou, Alain$xCriticism and interpretation.
=600  11$aEmerson, Ralph Waldo,$d1803-1882$xCriticism and interpretation.
=600  11$aJames, Henry,$d1843-1916$xCriticism and interpretation.
=600  11$aBaldwin, James,$d1924-1987$xCriticism and interpretation.
=600  11$aPurdy, James,$d1914-2009$xCriticism and interpretation.
=651  \7$aUnited States.$2fast$0(OCoLC)fst01204155
=655  \7$aCriticism, interpretation, etc.$2fast$0(OCoLC)fst01411635
=655  \7$aElectronic books. $2local
=710  2\$aProject Muse.$edistributor
=830  \0$aBook collections on Project MUSE.
=856  40$zFull text available: $uhttps://muse.jhu.edu/book/27786/
=945  \\$aProject MUSE - Archive Complete Supplement III
=945  \\$aProject MUSE - Archive Literature Supplement III

