=LDR  04166cam a22005534a 4500
=001  musev2_27799
=003  MdBmJHUP
=005  20241011084848.0
=006  m\\\\\o\\d\\\\\\\\
=007  cr||||||||nn|n
=008  081107s2009\\\\ohu\\\\\o\\\\\\00\0\eng\d
=020  \\$a9780814271612
=020  \\$z9780814204078
=020  \\$z0814271618
=020  \\$z0814204074
=035  \\$a(OCoLC)899261158
=040  \\$aMdBmJHUP$cMdBmJHUP
=100  1\$aLee, Sue-Im,$d1969-
=245  12$aA Body of Individuals : $bThe Paradox of Community in Contemporary Fiction / $cSue-Im Lee.
=264  \1$aColumbus :$bOhio State University Press,$c2009.
=264  \3$aBaltimore, Md. :$bProject MUSE, $c2015
=264  \4$c&copy;2009.
=300  \\$a1 online resource (196 pages).
=336  \\$atext$btxt$2rdacontent
=337  \\$acomputer$bc$2rdamedia
=338  \\$aonline resource$bcr$2rdacarrier
=505  0\$aWhat ails the individual : community cure in Toni Morrison's Jazz and Paradise -- "We are not the world" : global community, universalism, and Karen Tei Yamashita's Tropic of orange -- Unlike any other : shoring up the human community in Richard Powers's Galatea 2.2 and Plowing the dark -- Motion in stasis : impossible community in fictions of Lydia Davis and Lynne Tillman -- Community as multi-party game : private language in David Markson's Wittgenstein's mistress.
=506  0\$aOpen Access$fUnrestricted online access$2star
=520  1\$a"Why are some versions of the collective "we" admired and desired while other versions are scorned and feared? A Body of Individuals: The Paradox of Community in Contemporary Fiction examines the conflict over the collective "we" through discourses of community. In the discourse of benevolent community, community is a tool towards achieving healing, productiveness, and connection. In the discourse of dissenting community, community that serves a function is simply another name for totalitarianism; instead, community must merely be a fact of coexistence. What are the sources and the appeal of these irreconcilable views of community, and how do they interact in contemporary fiction's attempt at imagining "we"?" "By engaging contemporary U.S. writers such as Toni Morrison, Richard Powers, Karen Tei Yamashita, Lydia Davis, Lynne Tillman, and David Markson with theorists such as Jean-Luc Nancy, Giorgio Agamben, Francois Lyotard, Ernesto Laclau, Louis Althusser, Roland Barthes, and Ludwig Wittgenstein, this book reveals how the two conflicting discourses of community - benevolent and dissenting - are inextricably intertwined in various literary visions of "we"--"we" of the family, of the world, of the human, and of coexistence." "These literary visions demonstrate, in a way that popular visions of community and postmodern theories of community cannot, the dialectical relationship between the discourses of benevolent community and dissenting community. Sue-Im Lee argues that contemporary fiction's inability to resolve the paradox results in a model of ambivalent community, one that offers unique insights into community and into the very notion of unity."--Jacket.
=588  \\$aDescription based on print version record.
=650  \6$aRoman americain$y20e siecle$xHistoire et critique.
=650  \6$aCommunaute dans la litterature.
=650  \7$aLITERARY CRITICISM / General$2bisacsh
=650  \7$aPoststrukturalismus$2gnd
=650  \7$aGemeinschaft$gMotiv$2gnd
=650  \7$aGesellschaft$gMotiv$2gnd
=650  \7$aLiteratur$2gnd
=650  \7$aCommunities in literature.$2fast$0(OCoLC)fst01430093
=650  \7$aAmerican fiction.$2fast$0(OCoLC)fst00807048
=650  \0$aAmerican fiction$y20th century$xHistory and criticism.
=650  \0$aCommunities in literature.
=651  \7$aUSA.$2swd
=655  \7$aCriticism, interpretation, etc.$2fast$0(OCoLC)fst01411635
=655  \7$aElectronic books. $2local
=710  2\$aProject Muse.$edistributor
=830  \0$aBook collections on Project MUSE.
=856  40$zFull text available: $uhttps://muse.jhu.edu/book/27799/
=945  \\$aProject MUSE - Archive Complete Supplement III
=945  \\$aProject MUSE - Archive Literature Supplement III

