=LDR  03395cam a22005174a 4500
=001  musev2_27801
=003  MdBmJHUP
=005  20241011084849.0
=006  m\\\\\o\\d\\\\\\\\
=007  cr||||||||nn|n
=008  190108t20092009ohu\\\\\o\\\\\\00\0\eng\d
=020  \\$a9780814271582
=020  \\$z081420399X
=020  \\$z9780814203996
=020  \\$z0814271588
=035  \\$a(OCoLC)695397341
=040  \\$aMdBmJHUP$cMdBmJHUP
=100  1\$aJohnson, W. R.$q(Walter Ralph),$d1933-
=245  12$aA Latin Lover in Ancient Rome : $bReadings in Propertius and his Genre / $cW.R. Johnson.
=264  \1$aColumbus :$bOhio State University Press,$c[2009]
=264  \3$aBaltimore, Md. :$bProject MUSE, $c2015
=264  \4$c&copy;[2009]
=300  \\$a1 online resource (178 pages).
=336  \\$atext$btxt$2rdacontent
=337  \\$acomputer$bc$2rdamedia
=338  \\$aonline resource$bcr$2rdacarrier
=505  0\$aThe d/evolution of love -- Aeneas in love -- Two portraits of the lady -- Propertius and the poetics of disgregation -- Whatever happened to Latin love elegy?
=506  0\$aOpen Access$fUnrestricted online access$2star
=520  \\$aOver the centuries, Latin love elegy has inspired love poetry in the West from Petrarch to Pound. A Latin Lover in Ancient Rome: Readings in Propertius and His Genre offers a critical reevaluation of the Latin elegiac poet Propertius, situating him within the social and political milieu of first-century BCE Rome. W. R. Johnson's study is centered on close readings of the poems in Propertius' four books that emphasize both his celebration of erotic freedom as a manifestation of the sovereignty of the individual and his insistence on the value of this freedom, especially when it is threatened by autocratic ideology. Many recent titles on Propertius have tended to minimize or ignore this aspect of the poet's work, concentrating instead on neo-formalism or Lacanian psychology. Johnson restores Propertius' erotic creed and his politics to the core of his poetics and his career. He offers a vivid picture of the sociopolitical and erotic world of the late Roman Republic and the early years of the Empire which hatched Latin love elegy and allowed it to flourish. This study aims to redirect attention to the pleasures and energies Propertius provides that later generations of poets and readers discovered in and through him.
=588  \\$aDescription based on print version record.
=600  17$aPropertius, Sextus.$2fast$0(OCoLC)fst00033965
=600  11$aPropertius, Sextus$xCriticism and interpretation.
=600  10$aPropertius, Sextus$xCriticism and interpretation.
=650  \7$aLove poetry, Latin.$2fast$0(OCoLC)fst01002912
=650  \7$aElegiac poetry, Latin.$2fast$0(OCoLC)fst00907836
=650  \6$aPoesie d'amour latine$xHistoire et critique.
=650  \6$aPoesie elegiaque latine$xHistoire et critique.
=650  \0$aElegiac poetry, Latin$xHistory and criticism.
=650  \0$aLove poetry, Latin$xHistory and criticism.
=655  \7$aCriticism, interpretation, etc.$2fast$0(OCoLC)fst01411635
=655  \7$aElectronic books. $2local
=710  2\$aProject Muse.$edistributor
=830  \0$aBook collections on Project MUSE.
=856  40$zFull text available: $uhttps://muse.jhu.edu/book/27801/
=945  \\$aProject MUSE - Archive Complete Supplement III
=945  \\$aProject MUSE - Archive Literature Supplement III

