=LDR  05004cam a22005774a 4500
=001  musev2_27802
=003  MdBmJHUP
=005  20241011084850.0
=006  m\\\\\o\\d\\\\\\\\
=007  cr||||||||nn|n
=008  080625s2009\\\\ohu\\\\\o\\\\\\00\0\eng\d
=020  \\$a9780814271681
=020  \\$z9780814205761
=020  \\$z0814271685
=020  \\$z0814205763
=035  \\$a(OCoLC)899261159
=040  \\$aMdBmJHUP$cMdBmJHUP
=245  00$aContemporary African American Fiction : $bNew Critical Essays / $cedited by Dana A. Williams.
=264  \1$aColumbus :$bThe Ohio State University Press,$c2009.
=264  \3$aBaltimore, Md. :$bProject MUSE, $c2015
=264  \4$c&copy;2009.
=300  \\$a1 online resource (181 pages).
=336  \\$atext$btxt$2rdacontent
=337  \\$acomputer$bc$2rdamedia
=338  \\$aonline resource$bcr$2rdacarrier
=505  0\$aIntroduction / Dana A. Williams -- Theoretical influences and experimental resemblances: Ernest J. Gaines and recent critical approaches to the study of African American fiction / Reggie Scott Young -- Ideological tension: cultural nationalism and multiculturalism in the novels of Ishmael Reed / Jennifer A. Jordan -- The politics of addiction and adaptation: dis/ease transmission in Octavia E. Butler's Survivor and fledgling / Mildred R. Mickle -- "When the women tell stories": healing in Edwidge Danticat's Breath, eyes, memory / Tara T. Green -- The coming-of-age of the contemporary African American novel: Olympia Vernon's Eden, Logic, and, A killing in this town / Dana A. Williams -- Another night, another story: the frame narrative in Toni Morrison's Paradise and Alf Laylah wa Laylah [The Arabian nights] / Majda R. Atieh -- A stranger on the bus: Reginald McKnight's I get on the bus as complex journey / Sandra Y. Govan -- Re-imagining the academy: story and pedagogy in contemporary African American fiction / Eleanor W. Traylor.
=506  0\$aOpen Access$fUnrestricted online access$2star
=520  1\$aIn Contemporary African American Fiction: New Critical Essays, edited by Dana A. Williams, eight contributors examine trends and ideas which characterize African American fiction since 1970. They investigate many of the key inquiries which inform discussions about the condition of contemporary African American fiction. The range of queries is wide and varied. How does African American fiction represent the changing times in America and the world? How are these changes reflected in narrative strategies or in narrative content? How do contemporary fictionists engage diasporic Africanisms, or how do they renegotiate Americanism? What is the impact of cultural production, gender, sexuality, nationality, and ethnicity on this fiction? How does contemporary African American fiction reconstruct or rewrite earlier "classic" African American, American, or world literature? Authors under study include Ernest J. Gaines, Ishmael Reed, Edwidge Danticat, Octavia E. Butler, Olympia Vernon, Toni Morrison, and Reginald McKnight, among others. These essays remind us that the African American literary tradition is about survival and liberation. The tradition is similarly about probing, challenging, changing, and redirecting accepted ways of thinking to ensure the wellness and the freedom of its community cohorts. The essays identify new ways contemporary African American fiction continues the tradition's liberatory inclinations-they interrogate the ways in which antecedent texts and traditions influence contemporary texts to create new traditions.
=588  \\$aDescription based on print version record.
=650  \7$aAmerican fiction$xAfrican American authors.$2fast$0(OCoLC)fst00807049
=650  \7$aAmerican fiction.$2fast$0(OCoLC)fst00807048
=650  \7$aAfrican Americans$xIntellectual life.$2fast$0(OCoLC)fst00799627
=650  \7$aAfrican Americans in literature.$2fast$0(OCoLC)fst00799727
=650  \7$aLITERARY CRITICISM / General$2bisacsh
=650  \6$aRoman americain$xAuteurs noirs americains$xHistoire et critique.
=650  \6$aRoman americain$y20e siecle$xHistoire et critique.
=650  \6$aNoirs americains$xVie intellectuelle$y20e siecle.
=650  \6$aNoirs americains dans la litterature.
=650  \0$aAmerican fiction$xAfrican American authors$xHistory and criticism.
=650  \0$aAmerican fiction$y20th century$xHistory and criticism.
=650  \0$aAfrican Americans$xIntellectual life$y20th century.
=650  \0$aAfrican Americans in literature.
=655  \7$aCriticism, interpretation, etc.$2fast$0(OCoLC)fst01411635
=655  \7$aElectronic books. $2local
=700  1\$aWilliams, Dana A.,$d1972-
=710  2\$aProject Muse.$edistributor
=830  \0$aBook collections on Project MUSE.
=856  40$zFull text available: $uhttps://muse.jhu.edu/book/27802/
=945  \\$aProject MUSE - Archive Complete Supplement III
=945  \\$aProject MUSE - Archive American Studies Supplement II
=945  \\$aProject MUSE - Archive Literature Supplement III

