=LDR  02369cam a22005894a 4500
=001  musev2_27806
=003  MdBmJHUP
=005  20241011084855.0
=006  m\\\\\o\\d\\\\\\\\
=007  cr||||||||nn|n
=008  101115s2009\\\\ohu\\\\\o\\\\\\00\0\eng\d
=020  \\$a9780814271650
=020  \\$z0814207413
=020  \\$z9780814207413
=020  \\$z0814271650
=035  \\$a(OCoLC)681507786
=040  \\$aMdBmJHUP$cMdBmJHUP
=100  1\$aRichards, Page.
=245  10$aDistancing English : $bA Chapter in the History of the Inexpressible / $cPage Richards.
=264  \1$aColumbus :$bOhio State University Press,$c2009.
=264  \3$aBaltimore, Md. :$bProject MUSE, $c2015
=264  \4$c©2009.
=300  \\$a1 online resource (178 pages).
=336  \\$atext$btxt$2rdacontent
=337  \\$acomputer$bc$2rdamedia
=338  \\$aonline resource$bcr$2rdacarrier
=505  0\$aA tale of two languages and Whitman's preface -- The inexpressible -- Framing -- Translating English into English and "damned serious humour" -- The inexpressible and the thing itself.
=506  0\$aOpen Access$fUnrestricted online access$2star
=588  \\$aDescription based on print version record.
=650  \7$aSprache$2gnd
=650  \7$aLiteratur$2gnd
=650  \7$aKulturelle Identität$gMotiv$2gnd
=650  \7$aLiterature and society.$2fast$0(OCoLC)fst01000096
=650  \7$aEnglish language.$2fast$0(OCoLC)fst00910920
=650  \7$aLITERARY CRITICISM$xGeneral.$2bisacsh
=650  \6$aAnglais (Langue)$zÉtats-Unis$xHistoire.
=650  \6$aLitterature americaine$xInfluence etrangere.
=650  \6$aLitterature et societe$zÉtats-Unis$xHistoire.
=650  \0$aLiterature and society$zUnited States$xHistory.
=650  \0$aAmerican literature$xForeign influences.
=650  \0$aEnglish language$zUnited States$xHistory.
=651  \7$aEnglisch.$2swd
=651  \7$aUSA.$2swd
=651  \7$aUnited States.$2fast$0(OCoLC)fst01204155
=655  \7$aHistory.$2fast$0(OCoLC)fst01411628
=655  \0$aElectronic book.
=655  \7$aElectronic books. $2local
=710  2\$aProject Muse.$edistributor
=830  \0$aBook collections on Project MUSE.
=856  40$zFull text available: $uhttps://muse.jhu.edu/book/27806/
=945  \\$aProject MUSE - Archive Complete Supplement III
=945  \\$aProject MUSE - Archive Language and Linguistics Supplement II

