=LDR  01888cam a22004694a 4500
=001  musev2_27807
=003  MdBmJHUP
=005  20241011084856.0
=006  m\\\\\o\\d\\\\\\\\
=007  cr||||||||nn|n
=008  190726s2009\\\\xx\\\\\\o\\\\\\00\0\eng\d
=020  \\$a9780814271575
=020  \\$z0814206174
=020  \\$z9780814206171
=020  \\$z081427157X
=035  \\$a(OCoLC)681282207
=040  \\$aMdBmJHUP$cMdBmJHUP
=100  1\$aHuehls, Mitchum$d1976-$eVerfasserIn.$4aut
=245  10$aQualified Hope : $bA Postmodern Politics of Time / $cMitchum Huehls.
=264  \1$aColumbus$bOhio State University Press$c2009
=264  \3$aBaltimore, Md. :$bProject MUSE, $c2015
=264  \4$c&copy;2009
=300  \\$a1 online resource (264 pages): $bill.
=336  \\$atext$btxt$2rdacontent
=337  \\$acomputer$bc$2rdamedia
=338  \\$aonline resource$bcr$2rdacarrier
=500  \\$aIncludes bibliographical references (p. 211-220) and index. - Description based on print version record.
=506  0\$aOpen Access$fUnrestricted online access$2star
=588  \\$aDescription based on print version record.
=650  \4$aAmerican literature ; 20th century ; History and criticism.
=650  \4$aAmerican literature ; 21st century ; History and criticism.
=650  \4$aPolitics and literature ; United States ; History ; 20th century.
=650  \4$aPolitics and literature ; United States ; History ; 21st century.
=650  \4$aTime in literature.
=650  \4$aTime ; Political aspects.
=650  \4$aPostmodernism (Literature) ; United States.
=655  \7$aElectronic books. $2local
=710  2\$aProject Muse.$edistributor
=830  \0$aBook collections on Project MUSE.
=856  40$zFull text available: $uhttps://muse.jhu.edu/book/27807/
=945  \\$aProject MUSE - Archive Complete Supplement III
=945  \\$aProject MUSE - Archive Literature Supplement III

