=LDR  04033cam a22008774a 4500
=001  musev2_27808
=003  MdBmJHUP
=005  20241011084857.0
=006  m\\\\\o\\d\\\\\\\\
=007  cr||||||||nn|n
=008  101117s2009\\\\ohu\\\\\o\\\\\\00\0\eng\d
=020  \\$a9780814271599
=020  \\$z9780814203309
=020  \\$z0814271596
=020  \\$z0814203302
=035  \\$a(OCoLC)682017920
=040  \\$aMdBmJHUP$cMdBmJHUP
=100  1\$aKeenaghan, Eric.
=245  10$aQueering Cold War Poetry : $bEthics of Vulnerability in Cuba and the United States / $cEric Keenaghan.
=264  \1$aColumbus :$bOhio State University Press,$c2009.
=264  \3$aBaltimore, Md. :$bProject MUSE, $c2015
=264  \4$c©2009.
=300  \\$a1 online resource (197 pages).
=336  \\$atext$btxt$2rdacontent
=337  \\$acomputer$bc$2rdamedia
=338  \\$aonline resource$bcr$2rdacarrier
=505  0\$aToward a queer ethic of vulnerability -- Intrinsic coupling: Wallace Stevens and the pleasures of correspondence -- A nation's secrets: resistance and reform in Jose Lezama Lima's poetic system -- Vulnerable households: containment and Robert Duncan's queered nation -- A baroque revolution : Severo Sarduy's queer cosmology.
=506  0\$aOpen Access$fUnrestricted online access$2star
=588  \\$aDescription based on print version record.
=600  17$aStevens, Wallace,$d1879-1955.$2fast$0(OCoLC)fst00040329
=600  17$aSarduy, Severo.$2fast$0(OCoLC)fst00035456
=600  17$aLezama Lima, Jose.$2fast$0(OCoLC)fst00052230
=600  17$aDuncan, Robert,$d1919-1988.$2fast$0(OCoLC)fst01716953
=600  11$aStevens, Wallace,$d1879-1955$xCriticism and interpretation.
=600  11$aDuncan, Robert,$d1919-1988$xCriticism and interpretation.
=600  11$aLezama Lima, Jose$xCriticism and interpretation.
=600  11$aSarduy, Severo$xCriticism and interpretation.
=600  10$aSarduy, Severo$xCriticism and interpretation.
=600  10$aLezama Lima, Jose$xCriticism and interpretation.
=600  10$aDuncan, Robert,$d1919-1988$xCriticism and interpretation.
=600  10$aStevens, Wallace,$d1879-1955$xCriticism and interpretation.
=650  \7$aDas Andere$2gnd
=650  \7$aIdentität$2gnd
=650  \7$aHomosexualität$2gnd
=650  \7$aLiteratur$2gnd
=650  \7$aNationalism in literature.$2fast$0(OCoLC)fst01033899
=650  \7$aLiberalism in literature.$2fast$0(OCoLC)fst00997209
=650  \7$aHomosexuality and literature.$2fast$0(OCoLC)fst00959818
=650  \7$aGays' writings.$2fast$0(OCoLC)fst00939312
=650  \7$aCold War (1945-1989) in literature.$2fast$0(OCoLC)fst00866988
=650  \7$aLITERARY CRITICISM$xGeneral.$2bisacsh
=650  \6$aGuerre froide dans la litterature.
=650  \6$aNationalisme dans la litterature.
=650  \6$aLiberalisme dans la litterature.
=650  \6$aÉcrits d'homosexuels$xHistoire et critique.
=650  \6$aHomosexualite et litterature$zÉtats-Unis$xHistoire$y20e siecle.
=650  \6$aHomosexualite et litterature$zCuba$xHistoire$y20e siecle.
=650  \0$aHomosexuality and literature$zCuba$xHistory$y20th century.
=650  \0$aHomosexuality and literature$zUnited States$xHistory$y20th century.
=650  \0$aGays' writings$xHistory and criticism.
=650  \0$aLiberalism in literature.
=650  \0$aNationalism in literature.
=650  \0$aCold War in literature.
=651  \7$aKuba.$2swd
=651  \7$aUSA.$2swd
=651  \7$aUnited States.$2fast$0(OCoLC)fst01204155
=651  \7$aCuba.$2fast$0(OCoLC)fst01205805
=655  \7$aHistory.$2fast$0(OCoLC)fst01411628
=655  \7$aCriticism, interpretation, etc.$2fast$0(OCoLC)fst01411635
=655  \0$aElectronic book.
=655  \7$aElectronic books. $2local
=710  2\$aProject Muse.$edistributor
=830  \0$aBook collections on Project MUSE.
=856  40$zFull text available: $uhttps://muse.jhu.edu/book/27808/
=945  \\$aProject MUSE - Archive Complete Supplement III
=945  \\$aProject MUSE - Archive Literature Supplement III

