=LDR  02676cam a22005174a 4500
=001  musev2_27810
=003  MdBmJHUP
=005  20241011084859.0
=006  m\\\\\o\\d\\\\\\\\
=007  cr||||||||nn|n
=008  101110s2009\\\\ohu\\\\\o\\\\\\00\0\eng\d
=020  \\$a9780814271643
=020  \\$z0814271642
=020  \\$z9780814210543
=020  \\$z0814210546
=035  \\$a(OCoLC)680276944
=040  \\$aMdBmJHUP$cMdBmJHUP
=100  1\$aOxenhandler, Neal.
=245  10$aRimbaud : $bThe Cost of Genius / $cNeal Oxenhandler.
=264  \1$aColumbus :$bOhio State University Press,$c2009.
=264  \3$aBaltimore, Md. :$bProject MUSE, $c2015
=264  \4$c&copy;2009.
=300  \\$a1 online resource (169 pages).
=336  \\$atext$btxt$2rdacontent
=337  \\$acomputer$bc$2rdamedia
=338  \\$aonline resource$bcr$2rdacarrier
=505  0\$aOverview : Rimbaud and Psychocriticism -- Defiance in "Les Poetes de sept ans" -- Poem of the Uncanny : "Le Bateau ivre" -- Figures of Desire in "Memoire" -- What Happened in Babylone? : "Le Coeur du pitre"; Survival of the Object in "Qu'est-ce pour nous, mon coeur ...?" -- Synchronicity : "A Une Raison"; "Democratic" -- The Child as Thaumaturge : "Apres le deluge" -- Abreaction in Three Poems : "Honte" ; "Angoisse" ; "Aube" -- Fantasy and Reality : "Vies I, II, III" ; "H" -- Killing Me Softly : "Conte" -- "Nocturne vulgaire" and the Paranoid Position -- "Genie" : Advent of the Ego-Ideal -- Narcissistic Gain in "Solde" -- Rimbaud's Ontology : "Villes II" -- Sublimation in Une Saison en enfer -- Appendix The Death of Rimbaud : "We remember him and he travels on."
=506  0\$aOpen Access$fUnrestricted online access$2star
=588  \\$aDescription based on print version record.
=600  17$aRimbaud, Arthur.$2swd
=600  17$aRimbaud, Arthur,$d1854-1891.$2fast$0(OCoLC)fst00035443
=600  11$aRimbaud, Arthur,$d1854-1891$xPsychology.
=600  11$aRimbaud, Arthur,$d1854-1891$xCriticism and interpretation.
=600  10$aRimbaud, Arthur,$d1854-1891$xCriticism and interpretation.
=600  10$aRimbaud, Arthur,$d1854-1891$xPsychology.
=650  \7$aLyrik$2gnd
=650  \7$aPsychology.$2fast$0(OCoLC)fst01081447
=650  \7$aLITERARY CRITICISM$xGeneral.$2bisacsh
=655  \0$aElectronic book.
=655  \7$aCriticism, interpretation, etc.$2fast$0(OCoLC)fst01411635
=655  \7$aElectronic books. $2local
=710  2\$aProject Muse.$edistributor
=830  \0$aBook collections on Project MUSE.
=856  40$zFull text available: $uhttps://muse.jhu.edu/book/27810/
=945  \\$aProject MUSE - Archive Complete Supplement III
=945  \\$aProject MUSE - Archive Literature Supplement III

