=LDR  02227cam a22005174a 4500
=001  musev2_27811
=003  MdBmJHUP
=005  20241011084900.0
=006  m\\\\\o\\d\\\\\\\\
=007  cr||||||||nn|n
=008  081016s2009\\\\ohu\\\\\o\\\\\\00\0\eng\d
=020  \\$a9780814271636
=020  \\$z0814251706
=020  \\$z9780814251706
=020  \\$z0814271634
=035  \\$a(OCoLC)899260881
=040  \\$aMdBmJHUP$cMdBmJHUP
=100  1\$aHawthorne, Nathaniel,$d1804-1864.
=245  14$aThe Business of Reflection : $bHawthorne in His Notebooks / $cedited by Robert Milder and Randall Fuller.
=264  \1$aColumbus :$bOhio State University Press,$c2009.
=264  \3$aBaltimore, Md. :$bProject MUSE, $c2015
=264  \4$c&copy;2009.
=300  \\$a1 online resource (268 pages).
=336  \\$atext$btxt$2rdacontent
=337  \\$acomputer$bc$2rdamedia
=338  \\$aonline resource$bcr$2rdacarrier
=505  0\$aThe American notebooks -- The English notebooks -- The French and Italian notebooks.
=506  0\$aOpen Access$fUnrestricted online access$2star
=588  \\$aDescription based on print version record.
=650  \7$aAuthors, American.$2fast$0(OCoLC)fst00821764
=650  \0$aAuthors, American$y19th century$vDiaries.
=600  11$aHawthorne, Nathaniel,$d1804-1864$vDiaries.
=600  11$aHawthorne, Nathaniel,$d1804-1864$vNotebooks, sketchbooks, etc.
=600  11$aHawthorne, Nathaniel,$d1804-1864$xTravel.
=655  \7$aDiaries.$2fast$0(OCoLC)fst01423794
=655  \7$aElectronic books. $2local
=700  1\$aMilder, Robert.
=700  1\$aFuller, Randall,$d1963-
=700  12$aHawthorne, Nathaniel,$d1804-1864.$tPassages from the American note-books of Nathaniel Hawthorne.
=700  12$aHawthorne, Nathaniel,$d1804-1864.$tPassages from the English note-books of Nathaniel Hawthorne.
=700  12$aHawthorne, Nathaniel,$d1804-1864.$tPassages from the French and Italian note-books of Nathaniel Hawthorne.
=710  2\$aProject Muse.$edistributor
=830  \0$aBook collections on Project MUSE.
=856  40$zFull text available: $uhttps://muse.jhu.edu/book/27811/
=945  \\$aProject MUSE - Archive Complete Supplement III
=945  \\$aProject MUSE - Archive Literature Supplement III

