=LDR  01257cam a22003494a 4500
=001  musev2_27812
=003  MdBmJHUP
=005  20241011084900.0
=006  m\\\\\o\\d\\\\\\\\
=007  cr||||||||nn|n
=008  161211s2009\\\\xx\\\\\\o\\\\\\00\0\eng\d
=020  \\$a9780814271568
=020  \\$z9780814251959
=020  \\$z0814271561
=020  \\$z0814251951
=035  \\$a(OCoLC)682101869
=040  \\$aMdBmJHUP$cMdBmJHUP
=245  04$aThe Departure Lounge : $bStories and a Novella
=264  \1$a[Place of publication not identified]$bThe Ohio State University Press.
=264  \3$aBaltimore, Md. :$bProject MUSE, $c2015
=300  \\$a1 online resource (166 pages).
=336  \\$atext$btxt$2rdacontent
=337  \\$acomputer$bc$2rdamedia
=338  \\$aonline resource$bcr$2rdacarrier
=506  0\$aOpen Access$fUnrestricted online access$2star
=588  \\$aDescription based on print version record.
=655  \7$aElectronic books. $2local
=710  2\$aProject Muse.$edistributor
=830  \0$aBook collections on Project MUSE.
=856  40$zFull text available: $uhttps://muse.jhu.edu/book/27812/
=945  \\$aProject MUSE - Archive Complete Supplement III
=945  \\$aProject MUSE - Archive Poetry, Fiction and Creative Non-Fiction Supplement III

