=LDR  02438cam a22004814a 4500
=001  musev2_27814
=003  MdBmJHUP
=005  20241011084901.0
=006  m\\\\\o\\d\\\\\\\\
=007  cr||||||||nn|n
=008  080926s2009\\\\ohu\\\\\o\\\\\\00\0\eng\d
=020  \\$a9780814271704
=020  \\$z9780814207550
=020  \\$z0814271707
=020  \\$z0814207553
=035  \\$a(OCoLC)899260882
=040  \\$aMdBmJHUP$cMdBmJHUP
=100  1\$aWoyshner, Christine A.
=245  14$aThe National PTA, Race, and Civic Engagement, 1897-1970 / $cChristine Woyshner.
=264  \1$aColumbus :$bOhio State University Press,$c2009.
=264  \3$aBaltimore, Md. :$bProject MUSE, $c2015
=264  \4$c&copy;2009.
=300  \\$a1 online resource (277 pages): $bill., maps
=336  \\$atext$btxt$2rdacontent
=337  \\$acomputer$bc$2rdamedia
=338  \\$aonline resource$bcr$2rdacarrier
=505  0\$aIntroduction: the national PTA, race, and civic engagement -- "No hats to be worn" : organizing the National Congress of Mothers -- "To work more effectively and gain better leadership experience" : the founding of the National Congress of Colored Parents and Teachers -- "For convenience of a better education and training for my people" : organizational growth and stability -- Making America "strong from within" : school lunches, civics, and intergroup relations -- Diminishing as it advanced : the unification of the PTA -- Epilogue : civil society and public education.
=506  0\$aOpen Access$fUnrestricted online access$2star
=588  \\$aDescription based on print version record.
=650  \7$aEducation$xParent participation.$2fast$0(OCoLC)fst00902710
=650  \0$aEducation$xParent participation$zUnited States$xHistory.
=610  27$aNational PTA (U.S.)$2fast$0(OCoLC)fst00565368
=610  27$aNational Congress of Colored Parents and Teachers.$2fast$0(OCoLC)fst00525943
=610  20$aNational PTA (U.S.)$xHistory.
=610  20$aNational Congress of Colored Parents and Teachers$xHistory.
=651  \7$aUnited States.$2fast$0(OCoLC)fst01204155
=655  \7$aHistory.$2fast$0(OCoLC)fst01411628
=655  \7$aElectronic books. $2local
=710  2\$aProject Muse.$edistributor
=830  \0$aBook collections on Project MUSE.
=856  40$zFull text available: $uhttps://muse.jhu.edu/book/27814/
=945  \\$aProject MUSE - Archive Complete Supplement III
=945  \\$aProject MUSE - Archive History Supplement III

