=LDR  04182cam a22006014a 4500
=001  musev2_27815
=003  MdBmJHUP
=005  20241011084902.0
=006  m\\\\\o\\d\\\\\\\\
=007  cr||||||||nn|n
=008  101117s2009\\\\ohu\\\\\o\\\\\\00\0\eng\d
=020  \\$a9780814271698
=020  \\$z9780814208649
=020  \\$z0814271693
=020  \\$z0814208649
=035  \\$a(OCoLC)682163995
=040  \\$aMdBmJHUP$cMdBmJHUP
=100  1\$aWinkler, Martin M.
=245  14$aThe Roman Salute : $bCinema, History, Ideology / $cMartin M. Winkler.
=264  \1$aColumbus :$bOhio State University Press,$c2009.
=264  \3$aBaltimore, Md. :$bProject MUSE, $c2015
=264  \4$c©2009.
=300  \\$a1 online resource (223 pages): $billustrations
=336  \\$atext$btxt$2rdacontent
=337  \\$acomputer$bc$2rdamedia
=338  \\$aonline resource$bcr$2rdacarrier
=505  0\$aSaluting gestures in Roman art and literature -- Jacques-Louis David's Oath of the Horatii -- Raised-arm salutes in the United States before fascism : from the pledge of allegiance to Ben-Hur on stage -- Early cinema : American and European epics -- Cabiria : the intersection of cinema and politics -- Gabriele d'Annunzio and Cabiria -- Fiume : the Roman salute becomes a political symbol -- From D'Annunzio to Mussolini -- Nazi cinema and its impact on Hollywood's Roman epics : from Leni Riefenstahl to Quo vadis -- Visual legacies : antiquity on the screen from Quo vadis to Rome -- Cinema : from Salome to Alexander -- Television : from Star trek to Rome -- Conclusion.
=506  0\$aOpen Access$fUnrestricted online access$2star
=520  \\$a"The raised-arm salute was the most popular symbol of Fascism, Nazism, and related political ideologies in the twentieth century and is said to have derived from an ancient Roman custom. Although modern historians and others employ it as a matter of course, the term 'Roman salute' is a misnomer. The true origins of this salute can be traced back to the popular culture of the late nineteenth and early twentieth centuries that dealt with ancient Rome: historical plays and films. The visual culture of stage and screen from the 1890s to the 1920s was chiefly responsible for the wide familiarity of Europeans and Americans with forms of the raised-arm salute and made it readily available for political purposes. The Roman Salute: Cinema, History, Ideology by Martin M. Winkler presents extensive evidence for the modern origin of the raised-arm salute from well before the birth of Fascism and traces its varieties and its dissemination. The continuing presence of certain aspects of Fascism makes an examination of all its facets desirable, especially when the true origins of a symbol as potent as the salute and the history of its dissemination are barely known to classicists and historians of ancient Rome on the one hand, and to scholars of modern European history, on the other. Thus this book will appeal to classicists and historians, including film historians, and will be of interest to readers beyond the academy."--$cPage 4 of cover
=588  \\$aDescription based on print version record.
=651  \7$aRömisches Reich <Motiv>$2swd
=651  \7$aRome (Empire)$2fast$0(OCoLC)fst01204885
=651  \0$aRome$xIn literature.
=651  \0$aRome$vIn art.
=651  \0$aRome$xIn motion pictures.
=650  \7$aFilm$2gnd
=650  \7$aKünste$2gnd
=650  \7$aIdeologie$2gnd
=650  \7$aGeschichtsschreibung$2gnd
=650  \7$aGruss$gMotiv$2gnd
=650  \7$aSalutations.$2fast$0(OCoLC)fst01104369
=650  \7$aMotion pictures.$2fast$0(OCoLC)fst01027285
=650  \7$aLiterature.$2fast$0(OCoLC)fst00999953
=650  \7$aLITERARY CRITICISM$xGeneral.$2bisacsh
=650  \6$aSalutations.
=650  \0$aSalutations.
=655  \7$aArt.$2fast$0(OCoLC)fst01423702
=655  \7$aElectronic books. $2local
=710  2\$aProject Muse.$edistributor
=830  \0$aBook collections on Project MUSE.
=856  40$zFull text available: $uhttps://muse.jhu.edu/book/27815/
=945  \\$aProject MUSE - Archive Complete Supplement III
=945  \\$aProject MUSE - Archive Global Cultural Studies Supplement III

