=LDR  03449cam a22006614a 4500
=001  musev2_27816
=003  MdBmJHUP
=005  20241011084903.0
=006  m\\\\\o\\d\\\\\\\\
=007  cr||||||||nn|n
=008  081030s2009\\\\ohu\\\\\o\\\\\\00\0\eng\d
=020  \\$a9780814271605
=020  \\$z9780814206188
=020  \\$z081427160X
=020  \\$z0814206182
=035  \\$a(OCoLC)899261261
=040  \\$aMdBmJHUP$cMdBmJHUP
=100  1\$aLaffrado, Laura.
=245  10$aUncommon Women : $bGender and Representation in Nineteenth-Century U.S. Women's Writing / $cLaura Laffrado.
=264  \1$aColumbus :$bOhio State University Press,$c2009.
=264  \3$aBaltimore, Md. :$bProject MUSE, $c2015
=264  \4$c©2009.
=300  \\$a1 online resource (187 pages).
=336  \\$atext$btxt$2rdacontent
=337  \\$acomputer$bc$2rdamedia
=338  \\$aonline resource$bcr$2rdacarrier
=505  0\$a"Without any resort to Amazonian conventions" : women, writing, representation -- "A more masculine courage" : women's voice and the nineteenth-century publication of Sarah Kemble Knight's Journal -- "Everything by turns and nothing long" : configurations of female selfhood in Fanny Fern's early periodical writing -- "How could you leave me alone when the room was full of men!" : gender and self-representation in Louisa May Alcott's Hospital sketches -- "I am other than my appearance indicates" : sex-gender representation in women's nineteenth-century Civil War reminiscences -- "I found it hard to preserve my self-control" : race, women, representation.
=506  0\$aOpen Access$fUnrestricted online access$2star
=588  \\$aDescription based on print version record.
=650  \7$aWomen, White, in literature.$2fast$0(OCoLC)fst01199712
=650  \7$aWomen in literature.$2fast$0(OCoLC)fst01177912
=650  \7$aWomen and literature.$2fast$0(OCoLC)fst01177093
=650  \7$aSex role in literature.$2fast$0(OCoLC)fst01114649
=650  \7$aFeminism and literature.$2fast$0(OCoLC)fst00922735
=650  \7$aAmerican literature$xWomen authors.$2fast$0(OCoLC)fst00807271
=650  \7$aAmerican literature.$2fast$0(OCoLC)fst00807113
=650  \6$aÉcrits de femmes americains$xHistoire et critique.
=650  \6$aLitterature americaine$y19e siecle$xHistoire et critique.
=650  \6$aFemmes dans la litterature.
=650  \6$aBlanches dans la litterature.
=650  \6$aRôle selon le sexe dans la litterature.
=650  \6$aFemmes et litterature$zÉtats-Unis$xHistoire$y19e siecle.
=650  \0$aAmerican literature$xWomen authors$xHistory and criticism.
=650  \0$aAmerican literature$y19th century$xHistory and criticism.
=650  \0$aWomen in literature.
=650  \0$aWomen, White, in literature.
=650  \0$aSex role in literature.
=650  \0$aWomen and literature$zUnited States$xHistory$y19th century.
=650  \0$aFeminism and literature$zUnited States$xHistory$y19th century.
=651  \7$aUnited States.$2fast$0(OCoLC)fst01204155
=655  \7$aHistory.$2fast$0(OCoLC)fst01411628
=655  \7$aCriticism, interpretation, etc.$2fast$0(OCoLC)fst01411635
=655  \7$aElectronic books. $2local
=710  2\$aProject Muse.$edistributor
=830  \0$aBook collections on Project MUSE.
=856  40$zFull text available: $uhttps://muse.jhu.edu/book/27816/
=945  \\$aProject MUSE - Archive Complete Supplement III
=945  \\$aProject MUSE - Archive Literature Supplement III

