=LDR  02642cam a22004934a 4500
=001  musev2_27817
=003  MdBmJHUP
=005  20241011084903.0
=006  m\\\\\o\\d\\\\\\\\
=007  cr||||||||nn|n
=008  080905s2009\\\\ohu\\\\\o\\\\\\00\0\eng\d
=020  \\$a9780814271629
=020  \\$z0814271626
=020  \\$z9780814203989
=020  \\$z0814203981
=035  \\$a(OCoLC)899261262
=040  \\$aMdBmJHUP$cMdBmJHUP
=100  1\$aLewis, Susan Ingalls,$d1949-
=245  10$aUnexceptional Women : $bFemale Proprietors in Mid-Nineteenth-Century Albany, New York, 1830-1885 / $cSusan Ingalls Lewis.
=264  \1$aColumbus :$bOhio State University Press,$c2009.
=264  \3$aBaltimore, Md. :$bProject MUSE, $c2015
=264  \4$c&copy;2009.
=300  \\$a1 online resource (203 pages): $bill.
=336  \\$atext$btxt$2rdacontent
=337  \\$acomputer$bc$2rdamedia
=338  \\$aonline resource$bcr$2rdacarrier
=490  0\$aHistorical perspectives on business enterprise
=505  0\$aUnexceptional women : female proprietors in Albany, 1830-85 -- Female microentrepreneurs : linking stories and statistics -- Doing business : patterns and parameters -- Micronetworks and the family business economy -- Business or labor? : blurred boundaries in the careers of self-employed craftswomen -- "A small but safe business" : gendering success for nineteenth-century female proprietors -- "Doing the best business of any firm or man in the line" : female entrepreneurship in nineteenth-century Albany -- Illicit business : shady tradeswomen in Albany -- Conclusion : incorporating businesswomen into history.
=506  0\$aOpen Access$fUnrestricted online access$2star
=588  \\$aDescription based on print version record.
=650  \7$aSelf-employed women.$2fast$0(OCoLC)fst01111661
=650  \7$aEntrepreneurship.$2fast$0(OCoLC)fst00912787
=650  \7$aBusinesswomen.$2fast$0(OCoLC)fst00843013
=650  \0$aSelf-employed women$zNew York (State)$zAlbany$xHistory$y19th century.
=650  \0$aBusinesswomen$zNew York (State)$zAlbany$xHistory$y19th century.
=650  \0$aEntrepreneurship$zNew York (State)$zAlbany$xHistory$y19th century.
=651  \7$aNew York (State)$zAlbany.$2fast$0(OCoLC)fst01225716
=655  \7$aHistory.$2fast$0(OCoLC)fst01411628
=655  \7$aElectronic books. $2local
=710  2\$aProject Muse.$edistributor
=830  \0$aBook collections on Project MUSE.
=856  40$zFull text available: $uhttps://muse.jhu.edu/book/27817/
=945  \\$aProject MUSE - Archive Complete Supplement III
=945  \\$aProject MUSE - Archive US Regional Studies, New England and Mid Atlantic Supplement III

