=LDR  02487cam a22006014a 4500
=001  musev2_27818
=003  MdBmJHUP
=005  20241011084904.0
=006  m\\\\\o\\d\\\\\\\\
=007  cr||||||||nn|n
=008  090106s2009\\\\ohu\\\\\o\\\\\\00\0\eng\d
=020  \\$a9780814271667
=020  \\$z9780814207468
=020  \\$z0814271669
=020  \\$z0814207464
=035  \\$a(OCoLC)681465938
=040  \\$aMdBmJHUP$cMdBmJHUP
=100  1\$aSavelson, Kim.
=245  10$aWhere the World Is Not : $bCultural Authority and Democratic Desire in Modern American Literature / $cKim Savelson.
=264  \1$aColumbus :$bOhio State University Press,$c2009.
=264  \3$aBaltimore, Md. :$bProject MUSE, $c2015
=264  \4$c&copy;2009.
=300  \\$a1 online resource (196 pages).
=336  \\$atext$btxt$2rdacontent
=337  \\$acomputer$bc$2rdamedia
=338  \\$aonline resource$bcr$2rdacarrier
=506  0\$aOpen Access$fUnrestricted online access$2star
=588  \\$aDescription based on print version record.
=650  \7$aSocial change in literature.$2fast$0(OCoLC)fst01122335
=650  \7$aPragmatism in literature.$2fast$0(OCoLC)fst01074584
=650  \7$aLiterature and society.$2fast$0(OCoLC)fst01000096
=650  \7$aInventions in literature.$2fast$0(OCoLC)fst01200850
=650  \7$aIntellectual life.$2fast$0(OCoLC)fst00975769
=650  \7$aIdea (Philosophy) in literature.$2fast$0(OCoLC)fst00966829
=650  \7$aDemocracy in literature.$2fast$0(OCoLC)fst00890120
=650  \7$aAmerican literature.$2fast$0(OCoLC)fst00807113
=650  \0$aAmerican literature$y20th century$xHistory and criticism.
=650  \0$aPragmatism in literature.
=650  \0$aDemocracy in literature.
=650  \0$aIdea (Philosophy) in literature.
=650  \0$aInventions in literature.
=650  \0$aSocial change in literature.
=650  \0$aLiterature and society$zUnited States$xHistory$y20th century.
=651  \7$aUnited States.$2fast$0(OCoLC)fst01204155
=651  \0$aUnited States$xIntellectual life$y20th century.
=655  \7$aHistory.$2fast$0(OCoLC)fst01411628
=655  \7$aCriticism, interpretation, etc.$2fast$0(OCoLC)fst01411635
=655  \7$aElectronic books. $2local
=710  2\$aProject Muse.$edistributor
=830  \0$aBook collections on Project MUSE.
=856  40$zFull text available: $uhttps://muse.jhu.edu/book/27818/
=945  \\$aProject MUSE - Archive Complete Supplement III
=945  \\$aProject MUSE - Archive Literature Supplement III

