=LDR  02127cam a22005174a 4500
=001  musev2_27886
=003  MdBmJHUP
=005  20241011084952.0
=006  m\\\\\o\\d\\\\\\\\
=007  cr||||||||nn|n
=008  130429s2013\\\\ohu\\\\\o\\\\\\00\0\eng\d
=020  \\$a9780814274521
=020  \\$z0814212328
=020  \\$z9780814212325
=020  \\$z0814270034
=035  \\$a(OCoLC)872122511
=040  \\$aMdBmJHUP$cMdBmJHUP
=100  1\$aAbbott, H. Porter.
=245  10$aReal Mysteries : $bNarrative and the Unknowable / $cH. Porter Abbott.
=264  \1$aColumbus :$bOhio State University Press,$c2013.
=264  \3$aBaltimore, Md. :$bProject MUSE, $c2014
=264  \4$c&copy;2013.
=300  \\$a1 online resource (184 pages).
=336  \\$atext$btxt$2rdacontent
=337  \\$acomputer$bc$2rdamedia
=338  \\$aonline resource$bcr$2rdacarrier
=490  0\$aTheory and interpretation of narrative
=505  0\$aPart one : Unimaginable unknowns -- Apophatic narrative -- Conjuring stories -- Part two : Inexpressible states -- Sentences & worlds -- Syntactical poetics -- Part three : Egregious gaps -- Untold events -- Unreadable minds -- Conclusion. Why all this matters.
=506  0\$aOpen Access$fUnrestricted online access$2star
=588  \\$aDescription based on print version record.
=650  \7$aNarration (Rhetoric)$2fast$0(OCoLC)fst01032927
=650  \7$aKnowledge, Theory of, in literature.$2fast$0(OCoLC)fst00988217
=650  \7$aFiction.$2fast$0(OCoLC)fst00923709
=650  \6$aRoman$xHistoire et critique.
=650  \6$aNarration.
=650  \6$aTheorie de la connaissance dans la litterature.
=650  \0$aFiction$xHistory and criticism.
=650  \0$aNarration (Rhetoric)
=650  \0$aKnowledge, Theory of, in literature.
=655  \7$aCriticism, interpretation, etc.$2fast$0(OCoLC)fst01411635
=655  \7$aElectronic books. $2local
=710  2\$aProject Muse.$edistributor
=830  \0$aBook collections on Project MUSE.
=856  40$zFull text available: $uhttps://muse.jhu.edu/book/27886/
=945  \\$aProject MUSE - 2014 Literature
=945  \\$aProject MUSE - 2014 Complete

