=LDR  03433cam a22007694a 4500
=001  musev2_27902
=003  MdBmJHUP
=005  20241011085004.0
=006  m\\\\\o\\d\\\\\\\\
=007  cr||||||||nn|n
=008  101110t20082008ohu\\\\\o\\\\\\00\0\eng\d
=020  \\$a9780814271988
=020  \\$z0814210856
=020  \\$z0814271987
=020  \\$z9780814210857
=035  \\$a(OCoLC)1021797421
=040  \\$aMdBmJHUP$cMdBmJHUP
=100  1\$aO'Brien, Ellen L.,$d1970-$eauthor.
=245  10$aCrime in Verse : $bThe Poetics of Murder in the Victorian Era / $cEllen L. O'Brien.
=264  \1$aColumbus :$bThe Ohio State University Press,$c[2008]
=264  \3$aBaltimore, Md. :$bProject MUSE, $c2018
=264  \4$c&copy;[2008]
=300  \\$a1 online resource (288 pages): $billustrations
=336  \\$atext$btxt$2rdacontent
=337  \\$acomputer$bc$2rdamedia
=338  \\$aonline resource$bcr$2rdacarrier
=505  0\$aMurder, execution, and the criminal classes -- The murderous subject and the criminal sublime -- "Household law" and the domestication of murder.
=506  0\$aOpen Access$fUnrestricted online access$2star
=588  \\$aDescription based on print version record.
=650  \7$aMord$gMotiv$2gnd
=650  \7$aLyrik$2gnd
=650  \7$aPolitics and literature.$2fast$0(OCoLC)fst01069960
=650  \7$aPoets, English$xPolitical and social views.$2fast$0(OCoLC)fst01067889
=650  \7$aMurder in literature.$2fast$0(OCoLC)fst01029804
=650  \7$aLiterature and society.$2fast$0(OCoLC)fst01000096
=650  \7$aLaw and literature.$2fast$0(OCoLC)fst00993913
=650  \7$aEnglish poetry.$2fast$0(OCoLC)fst00912278
=650  \7$aDiscourse analysis, Literary.$2fast$0(OCoLC)fst00894944
=650  \7$aCrime$xPolitical aspects.$2fast$0(OCoLC)fst00883004
=650  \7$aCrime in literature.$2fast$0(OCoLC)fst00883038
=650  \7$aLITERARY CRITICISM / General$2bisacsh
=650  \7$aliterary criticism.$2aat
=650  \6$aDiscours litteraire.
=650  \6$aDroit et litterature$zGrande-Bretagne$xHistoire$y19e siecle.
=650  \6$aLitterature et societe$zGrande-Bretagne$xHistoire$y19e siecle.
=650  \6$aPolitique et litterature$zGrande-Bretagne$xHistoire$y19e siecle.
=650  \6$aPoetes anglais$y19e siecle$xPensee politique et sociale.
=650  \6$aMeurtre dans la litterature.
=650  \6$aCriminalite dans la litterature.
=650  \6$aPoesie anglaise$y19e siecle$xHistoire et critique.
=650  \0$aDiscourse analysis, Literary.
=650  \0$aLaw and literature$zGreat Britain$xHistory$y19th century.
=650  \0$aLiterature and society$zGreat Britain$xHistory$y19th century.
=650  \0$aPolitics and literature$zGreat Britain$xHistory$y19th century.
=650  \0$aPoets, English$y19th century$xPolitical and social views.
=650  \0$aCrime$xPolitical aspects$zGreat Britain$xHistory$y19th century.
=650  \0$aMurder in literature.
=650  \0$aCrime in literature.
=650  \0$aEnglish poetry$y19th century$xHistory and criticism.
=651  \7$aEnglisch.$2swd
=651  \7$aGreat Britain.$2fast$0(OCoLC)fst01204623
=655  \7$aHistory.$2fast$0(OCoLC)fst01411628
=655  \7$aCriticism, interpretation, etc.$2fast$0(OCoLC)fst01411635
=655  \7$aElectronic books. $2local
=710  2\$aProject Muse.$edistributor
=830  \0$aBook collections on Project MUSE.
=856  40$zFull text available: $uhttps://muse.jhu.edu/book/27902/

