=LDR  02305cam a22004814a 4500
=001  musev2_28138
=003  MdBmJHUP
=005  20241011085250.0
=006  m\\\\\o\\d\\\\\\\\
=007  cr||||||||nn|n
=008  130911s2013\\\\ohu\\\\\o\\\\\\00\0\eng\d
=020  \\$a9780814271209
=020  \\$z0814212336
=020  \\$z0814271200
=020  \\$z9780814212332
=035  \\$a(OCoLC)872655351
=040  \\$aMdBmJHUP$cMdBmJHUP
=100  1\$aDawson, Paul,$d1972-$eautor.
=245  14$aThe Return of the Omniscient Narrator : $bAuthorship and Authority in Twenty-First Century Fiction / $cPaul Dawson.
=264  \1$aColumbus :$bThe Ohio State University Press,$c2013.
=264  \3$aBaltimore, Md. :$bProject MUSE, $c2014
=264  \4$c&copy;2013.
=300  \\$a1 online resource (312 pages).
=336  \\$atext$btxt$2rdacontent
=337  \\$acomputer$bc$2rdamedia
=338  \\$aonline resource$bcr$2rdacarrier
=490  0\$aTheory and interpretation of narrative
=505  0\$aIntroduction: The return of omniscience in contemporary fiction -- Omniscience and narrative authority -- The direct address and the ironic moralist -- Prolepsis and the literary historian -- Style and the pyrotechnic storyteller -- Polymathic knowledge, the immersion journalist, and the social commentator -- Voice and free indirect discourse in contemporary omniscient narration -- Paralepsis and omniscient character narration -- Real authors and real readers : a discursive approach to the narrative communication model -- Conclusion.
=506  0\$aOpen Access$fUnrestricted online access$2star
=588  \\$aDescription based on print version record.
=650  \7$aOmniscience (Theory of knowledge) in literature.$2fast$0(OCoLC)fst01045695
=650  \7$aNarration (Rhetoric)$2fast$0(OCoLC)fst01032927
=650  \7$aFiction$xTechnique.$2fast$0(OCoLC)fst00923755
=650  \6$aNarration.
=650  \0$aFiction$xTechnique.
=650  \0$aOmniscience (Theory of knowledge) in literature.
=650  \0$aNarration (Rhetoric)
=655  \7$aElectronic books. $2local
=710  2\$aProject Muse.$edistributor
=830  \0$aBook collections on Project MUSE.
=856  40$zFull text available: $uhttps://muse.jhu.edu/book/28138/
=945  \\$aProject MUSE - 2014 Literature
=945  \\$aProject MUSE - 2014 Complete

