=LDR  01947cam a22004814a 4500
=001  musev2_28142
=003  MdBmJHUP
=005  20241011085253.0
=006  m\\\\\o\\d\\\\\\\\
=007  cr||||||||nn|n
=008  131214t20142014nhu\\\\\o\\\\\\00\0\eng\d
=020  \\$a9781611684926
=020  \\$z1611684927
=020  \\$z9781611684902
=035  \\$a(OCoLC)865329986
=040  \\$aMdBmJHUP$cMdBmJHUP
=100  1\$aHoogland, Renee C.,$d1960-$eauthor.
=245  12$aViolent Embrace : $bArt and Aesthetics after Representation / $cRenee C. Hoogland.
=264  \1$aHanover, New Hampshire :$bDartmouth College Press,$c[2014]
=264  \3$aBaltimore, Md. :$bProject MUSE, $c2014
=264  \4$c&copy;[2014]
=300  \\$a1 online resource (248 pages): $billustrations (some color)
=336  \\$atext$btxt$2rdacontent
=337  \\$acomputer$bc$2rdamedia
=338  \\$aonline resource$bcr$2rdacarrier
=490  0\$aInterfaces: studies in visual culture
=505  0\$aArtistic activity -- Violent becomings -- Neo-aesthetics and the study of the arts of the present -- The groundless realities of art photography -- The ruse of the ruins, or: Detroit's nonreal estate -- Visualizing the face.
=506  0\$aOpen Access$fUnrestricted online access$2star
=520  \\$aAn urgent defense of aesthetics and the power of art.
=546  \\$aEnglish.
=588  \\$aDescription based on print version record.
=650  \7$aArt$xPsychology.$2fast$0(OCoLC)fst00815321
=650  \7$aAesthetics.$2fast$0(OCoLC)fst00798702
=650  \7$aART$xGeneral.$2bisacsh
=650  \6$aArt$xPsychologie.
=650  \0$aAesthetics.
=650  \0$aArt$xPsychology.
=655  \7$aElectronic books. $2local
=710  2\$aProject Muse.$edistributor
=830  \0$aBook collections on Project MUSE.
=856  40$zFull text available: $uhttps://muse.jhu.edu/book/28142/
=945  \\$aProject MUSE - 2014 Philosophy and Religion
=945  \\$aProject MUSE - 2014 Complete

