=LDR  03554cam a22007574a 4500
=001  musev2_28178
=003  MdBmJHUP
=005  20241011085317.0
=006  m\\\\\o\\d\\\\\\\\
=007  cr||||||||nn|n
=008  100418s2006\\\\ohu\\\\\o\\\\\\00\0\eng\d
=020  \\$a9780814272534
=020  \\$z0814210147
=020  \\$z9780814210147
=020  \\$z0814272533
=035  \\$a(OCoLC)1021799649
=040  \\$aMdBmJHUP$cMdBmJHUP
=100  1\$aHovey, Jaime.
=245  12$aA Thousand Words : $bPortraiture, Style, and Queer Modernism / $cJaime Hovey.
=264  \1$aColumbus :$bOhio State University Press,$c2006.
=264  \3$aBaltimore, Md. :$bProject MUSE, $c2018
=264  \4$c&copy;2006.
=300  \\$a1 online resource (160 pages): $billustrations, portraits
=336  \\$atext$btxt$2rdacontent
=337  \\$acomputer$bc$2rdamedia
=338  \\$aonline resource$bcr$2rdacarrier
=505  0\$aPicturing yourself: portraits, self-consciousness, and modernist style -- Talking pictures -- Caricature studies -- Forgery, or, Faking it -- Afterword: Looking back: modernism was yesterday.
=506  0\$aOpen Access$fUnrestricted online access$2star
=588  \\$aDescription based on print version record.
=650  \7$aVisual perception in literature.$2fast$0(OCoLC)fst01168077
=650  \7$aPortraits in literature.$2fast$0(OCoLC)fst01072334
=650  \7$aModernism (Literature)$2fast$0(OCoLC)fst01024455
=650  \7$aInfluence (Literary, artistic, etc.)$2fast$0(OCoLC)fst00972484
=650  \7$aHomosexuality and literature.$2fast$0(OCoLC)fst00959818
=650  \7$aEnglish literature.$2fast$0(OCoLC)fst00911989
=650  \7$aDescription (Rhetoric)$2fast$0(OCoLC)fst00891119
=650  \7$aArt and literature.$2fast$0(OCoLC)fst00815400
=650  \7$aAmerican literature.$2fast$0(OCoLC)fst00807113
=650  \7$aLITERARY CRITICISM$xGeneral.$2bisacsh
=650  \6$aPortraits dans la litterature.
=650  \6$aPerception visuelle dans la litterature.
=650  \6$aDiscours descriptif$xHistoire$y20e siecle.
=650  \6$aModernisme (Litterature)$zAnglophonie.
=650  \6$aLitterature americaine$y20e siecle$xHistoire et critique.
=650  \6$aArt et litterature$zAnglophonie$xHistoire$y20e siecle.
=650  \6$aHomosexualite et litterature$zAnglophonie$xHistoire$y20e siecle.
=650  \6$aLitterature anglaise$y20e siecle$xHistoire et critique.
=650  \0$aPortraits in literature.
=650  \0$aVisual perception in literature.
=650  \0$aDescription (Rhetoric)$xHistory$y20th century.
=650  \0$aModernism (Literature)$zEnglish-speaking countries.
=650  \0$aAmerican literature$y20th century$xHistory and criticism.
=650  \0$aArt and literature$zEnglish-speaking countries$xHistory$y20th century.
=650  \0$aHomosexuality and literature$zEnglish-speaking countries$xHistory$y20th century.
=650  \0$aEnglish literature$y20th century$xHistory and criticism.
=600  17$aWilde, Oscar,$d1854-1900.$2fast$0(OCoLC)fst00033910
=600  16$aWilde, Oscar,$d1854-1900$xInfluence.
=600  11$aWilde, Oscar,$d1854-1900$xInfluence.
=600  10$aWilde, Oscar,$d1854-1900$xInfluence.
=651  \7$aEnglish-speaking countries.$2fast$0(OCoLC)fst01261775
=655  \7$aHistory.$2fast$0(OCoLC)fst01411628
=655  \7$aCriticism, interpretation, etc.$2fast$0(OCoLC)fst01411635
=655  \7$aElectronic books. $2local
=710  2\$aProject Muse.$edistributor
=830  \0$aBook collections on Project MUSE.
=856  40$zFull text available: $uhttps://muse.jhu.edu/book/28178/

