=LDR  03711cam a22006494a 4500
=001  musev2_28213
=003  MdBmJHUP
=005  20241011085341.0
=006  m\\\\\o\\d\\\\\\\\
=007  cr||||||||nn|n
=008  131122t20132013onc\\\\\o\\\\\\00\0\eng\d
=020  \\$a9780776620954
=020  \\$z9780776621265
=020  \\$z0776620959
=035  \\$a(OCoLC)864394813
=040  \\$aMdBmJHUP$cMdBmJHUP
=245  00$aSport Policy in Canada / $cedited by Lucie Thibault, Brock University and Jean Harvey, University of Ottawa.
=264  \1$a[Ottawa, Ontario] :$bUniversity of Ottawa Press,$c2013.
=264  \3$aBaltimore, Md. :$bProject MUSE, $c2014
=264  \4$c&copy;2013.
=300  \\$a1 online resource (435 pages).
=336  \\$atext$btxt$2rdacontent
=337  \\$acomputer$bc$2rdamedia
=338  \\$aonline resource$bcr$2rdacarrier
=500  \\$a"Research Centre for Sport in Canadian Society, University of Ottawa."
=505  0\$aCover; Title; Credits; List of figures; List of tables; Abbreviations; Acknowledgements; Introduction; Section I -- An overview of sport policy in Canada; Chapter I -- The evolution of federal sport policy from 1960 to today; Chapter II -- Multi-level governance and sport policy in Canada; Chapter III -- Canada and sport for development and peace; Section II -- The canadian sport policy and its impact on the sport system; Chapter IV -- Contemporary policy issues in high performance sport; Chapter V -- Athlete development and support; Chapter VI -- Sport participation; Section III -- Policy issues.
=505  0\$aChapter VII -- Olympic ideals versus the performance imperative: the history of Canada's anti-doping policiesChapter VIII -- Hosting policies of sport events; Chapter IX -- The double helix: aboriginal people and sport policy in Canada; Chapter X -- Policy on sport for the disabled; Chapter XI -- Women in sport policy; Chapter XII -- Official languages and the canadian sport system: steady progress, constant vigilance needed; Chapter XIII -- Sport and social inclusion; Conclusion; About the contributors; Index.
=506  0\$aOpen Access$fUnrestricted online access$2star
=520  \\$aThe first and most comprehensive analysis of the new Canadian Sport Policy adopted in 2012.
=546  \\$aEnglish.
=588  \\$aDescription based on print version record.
=650  \7$aSports and state.$2fast$0(OCoLC)fst01130564
=650  \7$aSports administration.$2fast$0(OCoLC)fst01130552
=650  \7$aTRAVEL$xSpecial Interest$xSports.$2bisacsh
=650  \7$aSPORTS & RECREATION$xReference.$2bisacsh
=650  \7$aSPORTS & RECREATION$xHistory.$2bisacsh
=650  \7$aSPORTS & RECREATION$xEssays.$2bisacsh
=650  \7$aSPORTS & RECREATION$xBusiness Aspects.$2bisacsh
=650  \7$aGAMES$xGambling$xSports.$2bisacsh
=650  \7$aSports and outdoor recreation.$2bicssc
=650  \7$aLifestyle, sport and leisure.$2bicssc
=650  \7$aLaw.$2bicssc
=650  \7$aJurisprudence and general issues.$2bicssc
=650  \6$aSports$xGestion$zCanada.
=650  \6$aSports$xPolitique gouvernementale$zCanada.
=650  \0$aSports administration$zCanada.
=650  \0$aSports and state$zCanada.
=651  \7$aCanada.$2fast$0(OCoLC)fst01204310
=655  \7$aElectronic books. $2local
=700  1\$aThibault, Lucie,$eeditor.
=700  1\$aHarvey, Jean,$d1955-$eeditor.
=710  2\$aUniversity of Ottawa.$bResearch Centre for Sport in Canadian Society.
=710  2\$aProject Muse.$edistributor
=830  \0$aBook collections on Project MUSE.
=856  40$zFull text available: $uhttps://muse.jhu.edu/book/28213/
=945  \\$aProject MUSE - 2014 Political Science and Policy Studies
=945  \\$aProject MUSE - 2014 Complete

