=LDR  05337cam a22006734a 4500
=001  musev2_28327
=003  MdBmJHUP
=005  20241011085504.0
=006  m\\\\\o\\d\\\\\\\\
=007  cr||||||||nn|n
=008  130805s2014\\\\gau\\\\\o\\\\\\00\0\eng\d
=010  \\$z  2020719017
=020  \\$a9780820346533
=020  \\$z0820346535
=020  \\$z9780820339504
=035  \\$a(OCoLC)867818378
=040  \\$aMdBmJHUP$cMdBmJHUP
=050  04$aU21.2
=082  0\$a172/.42$223
=245  04$aThe Future of Just War : $bNew Critical Essays / $cedited by Caron E. Gentry and Amy E. Eckert.
=264  \1$aAthens, Georgia :$bUniversity of Georgia Press,$c2014.
=264  \3$aBaltimore, Md. :$bProject MUSE, $c2014
=264  \4$c&copy;2014.
=300  \\$a1 online resource (200 pages).
=336  \\$atext$btxt$2rdacontent
=337  \\$acomputer$bc$2rdamedia
=338  \\$aonline resource$bcr$2rdacarrier
=490  0\$aStudies in security and international affairs
=504  \\$aIncludes bibliographical references and index.
=505  0\$aIntroduction / Caron E. Gentry and Amy E. Eckert -- Epistemic bias : legitimate authority and politically violent nonstate actors / Caron E. Gentry -- Strategizing in an era of conceptual change : security, sanctioned violence, and new military roles / Kimberly A. Hudson and Dan Henk -- Is just intervention morally obligatory? / Luke Glanville -- Private military companies and the reasonable chance of success / Amy E. Eckert -- Postheroic U.S. warfare and the moral justification for killing in war / Sebastian Kaempf -- From smart to autonomous weapons : confounding territoriality and moral agency / Brent J. Steele and Eric A. Heinze -- An alternative to nuclear weapons? : proportionality, discrimination, and the conventional global strike program / Alexa Royden -- Rethinking intention and double effect / Harry D. Gould -- Just war without civilians / Laura Sjoberg -- Jus post bellum : justice in the aftermath of war / Robert E. Williams Jr.
=506  0\$aOpen Access$fUnrestricted online access$2star
=520  \\$a"Just War scholarship has adapted to contemporary crises and situations. But its adaptation has spurned debate and conversation--a method and means of pushing its thinking forward. Now the Just War tradition risks becoming marginalized. This concern may seem out of place as Just War literature is proliferating, yet this literature remains welded to traditional conceptualizations of Just War. Caron E. Gentry and Amy E. Eckert argue that the tradition needs to be updated to deal with substate actors within the realm of legitimate authority, private military companies, and the questionable moral difference between the use of conventional and nuclear weapons. Additionally, as recent policy makers and scholars have tried to make the Just War criteria legalistic, they have weakened the tradition's ability to draw from and adjust to its contemporaneous setting. The essays in The Future of Just War seek to reorient the tradition around its core concerns of preventing the unjust use of force by states and limiting the harm inflicted on vulnerable populations such as civilian noncombatants. The pursuit of these challenges involves both a reclaiming of traditional Just War principles from those who would push it toward greater permissiveness with respect to war, as well as the application of Just War principles to emerging issues, such as the growing use of robotics in war or the privatization of force. These essays share a commitment to the idea that the tradition is more about a rigorous application of Just War principles than the satisfaction of a checklist of criteria to be met before waging "just" war in the service of national interest"--$cProvided by publisher
=542  1\$fThis work is licensed under a Creative Commons license$uhttps://creativecommons.org/licenses/by-nc-nd/4.0/legalcode
=546  \\$aEnglish.
=588  0\$aDescription based on print version record.
=650  \7$aWar$xMoral and ethical aspects$2fast
=650  \7$aJust war doctrine$2fast
=650  \7$aPOLITICAL SCIENCE$xInternational Relations$xGeneral.$2bisacsh
=650  \7$aPOLITICAL SCIENCE$xInternational Relations$xArms Control.$2bisacsh
=650  \7$aPHILOSOPHY$xMovements$xPragmatism.$2bisacsh
=650  \6$aGuerre$xAspect moral.
=650  \6$aGuerre juste.
=650  \0$aWar$xMoral and ethical aspects.
=650  \0$aJust war doctrine.
=655  \7$aEssais.$2rvmgf
=655  \7$aEssays.$2lcgft
=655  \7$aEssays$2fast
=655  \7$aessays.$2aat
=655  \7$aElectronic books. $2local
=700  1\$aGentry, Caron E.,$eauthor,$eeditor.
=700  1\$aEckert, Amy,$eauthor,$eeditor.
=758  \\$ihas work:$aThe Future of Just War (Text)$1https://id.oclc.org/worldcat/entity/E39PCGtvFGGqrdcrRxyfKDcCHC$4https://id.oclc.org/worldcat/ontology/hasWork
=776  18$iPrint version:$tFuture of just war.$dAthens, Georgia : University of Georgia Press, 2014$z9780820339504$w(DLC)  2013020499
=710  2\$aProject Muse.$edistributor
=830  \0$aStudies in security and international affairs.
=830  \0$aBook collections on Project MUSE.
=856  40$zFull text available: $uhttps://muse.jhu.edu/book/28327/
=945  \\$aProject MUSE - 2014 Political Science and Policy Studies
=945  \\$aProject MUSE - 2014 Complete

