=LDR  02674cam a22006014a 4500
=001  musev2_28682
=003  MdBmJHUP
=005  20241011085915.0
=006  m\\\\\o\\d\\\\\\\\
=007  cr||||||||nn|n
=008  130726t20142014mau\\\\\o\\\\\\00\0\eng\d
=010  \\$z  2020717964
=020  \\$a9780262320207
=020  \\$z9780262525770
=020  \\$z0262320207
=020  \\$z0262525771
=035  \\$a(OCoLC)879285528
=040  \\$aMdBmJHUP$cMdBmJHUP
=100  1\$aSoep, Elisabeth.
=245  10$aParticipatory Politics : $bNext-Generation Tactics to Remake Public Spheres / $cElisabeth Soep.
=264  \1$aLondon :$bThe MIT Press,$c[2014]
=264  \3$aBaltimore, Md. :$bProject MUSE, $c2014
=264  \4$c&copy;[2014]
=300  \\$a1 online resource (96 pages).
=336  \\$atext$btxt$2rdacontent
=337  \\$acomputer$bc$2rdamedia
=338  \\$aonline resource$bcr$2rdacarrier
=490  0\$aThe John D. and Catherine T. MacArthur Foundation reports on digital media and learning
=505  0\$aIntroduction -- Participatory politics : what sets it apart? -- Five tactics of participatory politics. Pivot your public ; Create content worlds ; Forage for information ; Code up ; Hide and seek -- Literacies that support participatory politics -- Mind the risks -- Concluding thoughts.
=506  0\$aOpen Access$fUnrestricted online access$2star
=520  \\$aAn examination of the mix of face-to-face and digital methods that young people use in their experiments with civic engagement.
=588  \\$aDescription based on print version record.
=650  \7$aSoziale Software$2gnd
=650  \7$aPolitische Beteiligung$2gnd
=650  \7$aJugend$2gnd
=650  \7$aYouth$xPolitical activity.$2fast$0(OCoLC)fst01183486
=650  \7$aCommunity leadership.$2fast$0(OCoLC)fst00871020
=650  \7$aPolitical participation$xTechnological innovations.$2fast$0(OCoLC)fst01983804
=650  \7$aEDUCATION$xPhilosophy & Social Aspects.$2bisacsh
=650  \6$aJeunesse$xActivite politique.
=650  \6$aParticipation politique$xInnovations.
=650  \6$aInternet et jeunesse$xAspect politique.
=650  \6$aLeadership communautaire.
=650  \0$aYouth$xPolitical activity.
=650  \0$aPolitical participation$xTechnological innovations.
=650  \0$aInternet and youth$xPolitical aspects.
=650  \0$aCommunity leadership.
=655  \7$aElectronic books. $2local
=710  2\$aProject Muse.$edistributor
=830  \0$aBook collections on Project MUSE.
=856  40$zFull text available: $uhttps://muse.jhu.edu/book/28682/
=945  \\$aProject MUSE - 2014 Political Science and Policy Studies
=945  \\$aProject MUSE - 2014 Complete

