=LDR  05483cam a22008414a 4500
=001  musev2_28730
=003  MdBmJHUP
=005  20241011085947.0
=006  m\\\\\o\\d\\\\\\\\
=007  cr||||||||nn|n
=008  140303s2013\\\\pau\\\\\o\\\\\\00\0\eng\d
=020  \\$a9780271062501
=020  \\$z9780271061924
=035  \\$a(OCoLC)871258531
=040  \\$aMdBmJHUP$cMdBmJHUP
=100  1\$aHorowitz, Sarah,$d1978-$eauthor.
=245  10$aFriendship and Politics in Post-Revolutionary France / $cSarah Horowitz.
=264  \1$aUniversity Park, Pennsylvania :$bThe Pennsylvania State University Press,$c[2013]
=264  \3$aBaltimore, Md. :$bProject MUSE, $c2014
=264  \4$c©[2013]
=300  \\$a1 online resource (240 pages): $billustrations
=336  \\$atext$btxt$2rdacontent
=337  \\$acomputer$bc$2rdamedia
=338  \\$aonline resource$bcr$2rdacarrier
=490  0\$aKnowledge Unlatched
=505  0\$aIntroduction : friendship in post-revolutionary France -- The sentimental education of the political -- The politics of anomie -- Friends with benefits -- Post-revolutionary social networks -- The politics of male friendship -- The bonds of concord : women and politics -- Epilogue -- Appendix A : Beranger, Chateaubriand, Guizot, and their friends -- Appendix B : detailed social networks in the 1820s and 1840s.
=506  0\$aOpen Access$fUnrestricted online access$2star
=520  \\$aIn Friendship and Politics in Post-Revolutionary France, Horowitz brings together the political and cultural history of post-revolutionary France to show how French society responded to and recovered from the upheaval of the French Revolution. The Revolution led to a heightened sense of distrust and divided the nation along ideological lines. In the wake of the Terror, many began to express concerns about the atomization of French society. Friendship was regarded as one bond that could restore trust and cohesion. Because trust and cohesion were necessary to post-revolutionary parliamentary life, politicians turned to friends and ideas about friendship to create solidarity. Relying on detailed analyses of politicians' social networks, new tools from the digital humanities, and examinations of behind-the-scenes political transactions, Horowitz makes clear the connection between politics and emotions in the early nineteenth century, and reevaluates the role of women in political life.
=546  \\$aText in English.
=588  \\$aDescription based on print version record.
=650  \7$aSoziales Netzwerk$2gnd
=650  \7$aPolitisches Handeln$2gnd
=650  \7$aFreundschaft$2gnd
=650  \7$aFrau$2gnd
=650  \7$aWomen$xPolitical activity.$2fast$0(OCoLC)fst01734136
=650  \7$aPolitics and government.$2fast$0(OCoLC)fst01919741
=650  \7$aPoliticians$xSocial networks.$2fast$0(OCoLC)fst01069945
=650  \7$aPoliticians$xSocial life and customs.$2fast$0(OCoLC)fst01069944
=650  \7$aPolitical culture.$2fast$0(OCoLC)fst01069263
=650  \7$aFriendship$xPolitical aspects.$2fast$0(OCoLC)fst01983820
=650  \7$aHISTORY$zEurope$zFrance.$2bisacsh
=650  \7$aSOCIAL SCIENCE$xPopular Culture.$2bisacsh
=650  \7$aSOCIAL SCIENCE$xAnthropology$xCultural.$2bisacsh
=650  \7$aPOLITICAL SCIENCE$xPublic Policy$xCultural Policy.$2bisacsh
=650  \6$aFemmes$xActivite politique$zFrance$xHistoire$y19e siecle.
=650  \6$aHommes politiques$xReseaux sociaux$zFrance$xHistoire$y19e siecle.
=650  \6$aHommes politiques$zFrance$xMoeurs et coutumes$y19e siecle.
=650  \6$aAmitie$xAspect politique$zFrance$xHistoire$y19e siecle.
=650  \4$aPoliticians$xSocial networks$zFrance$xHistory$y19th century.
=650  \4$aPoliticians$zFrance$xSocial life and customs$y19th century.
=650  \4$aPolitical culture$zFrance$xHistory$y19th century.
=650  \4$aFriendship$xPolitical aspects$zFrance$xHistory$y19th century.
=650  \4$aWomen$xPolitical activity$zFrance$xHistory$y19th century.
=650  \4$aFrance$xPolitics and government$y19th century.
=650  \0$aWomen$xPolitical activity$zFrance$xHistory$y19th century.
=650  \0$aPoliticians$xSocial networks$zFrance$xHistory$y19th century.
=650  \0$aPoliticians$zFrance$xSocial life and customs$y19th century.
=650  \0$aPolitical culture$zFrance$xHistory$y19th century.
=650  \0$aFriendship$xPolitical aspects$zFrance$xHistory$y19th century.
=651  \7$aFrankreich$2gnd
=651  \7$aFrance.$2fast$0(OCoLC)fst01204289
=651  \6$aFrance$xPolitique et gouvernement$y19e siecle.
=651  \0$aFrance$xPolitics and government$y19th century.
=610  27$aPolitiker$gMusikgruppe$2gnd
=655  \7$aHistory.$2fast$0(OCoLC)fst01411628
=655  \7$aElectronic books. $2local
=773  0\$tKnowledge Unlatched.
=710  2\$aProject Muse.$edistributor
=830  \0$aBook collections on Project MUSE.
=880  0\$6505-00/(Q$aIntroduction : friendship in post-revolutionary France -- The sentimental education of the political -- The politics of anomie -- Friends with benefits -- Post-revolutionary social networks -- The politics of male friendship -- The bonds of concord : women and politics -- Epilogue -- Appendix A : Be⁺ѓranger, Chateaubriand, Guizot, and their friends -- Appendix B : detailed social networks in the 1820s and 1840s.
=856  40$zFull text available: $uhttps://muse.jhu.edu/book/28730/
=945  \\$aProject MUSE - 2014 History
=945  \\$aProject MUSE - 2014 Complete

