=LDR  04452cam a22006014a 4500
=001  musev2_30949
=003  MdBmJHUP
=005  20241011092709.0
=006  m\\\\\o\\d\\\\\\\\
=007  cr||||||||nn|n
=008  140523t20142014miu\\\\\o\\\\\\00\0\eng\d
=020  \\$a9780472120499
=020  \\$z9780472035960
=020  \\$z9780472119363
=020  \\$z9780472900220
=035  \\$a(OCoLC)880413316
=040  \\$aMdBmJHUP$cMdBmJHUP
=100  1\$aUsher, Nikki,$eauthor.
=245  10$aMaking News at The New York Times / $cNikki Usher.
=264  \1$aAnn Arbor, MI :$bUniversity of Michigan Press,$c[2014]
=264  \3$aBaltimore, Md. :$bProject MUSE, $c2014
=264  \4$c©[2014]
=300  \\$a1 online resource.
=336  \\$atext$btxt$2rdacontent
=337  \\$acomputer$bc$2rdamedia
=338  \\$aonline resource$bcr$2rdacarrier
=490  0\$aThe new media world
=505  0\$aIntroduction : The Times in the digital age -- Setting: news about the news: the Times in 2010 -- Three days in the lives of New York Times journalists -- The irony of immediacy -- Immediacy: to what end? -- Interactivity: What is it? Who are these people? And why? -- Participation, branding, and the new New York Times -- Prelude to what? -- Methods.
=506  0\$aOpen Access$fUnrestricted online access$2star
=520  \\$a"Making News at The New York Times is the first in-depth portrait of the nation's, if not the world's, premier newspaper in the digital age. It presents a lively chronicle of months spent in the newsroom observing daily conversations, meetings, and journalists at work. We see Page One meetings, articles developed for online and print from start to finish, the creation of ambitious multimedia projects, and the ethical dilemmas posed by social media in the newsroom. Here, the reality of creating news in a 24/7 instant information environment clashes with the storied history of print journalism, and the tensions present a dramatic portrait of news in the online world. This news ethnography brings to bear the overarching value clashes at play in a digital news world. The book argues that emergent news values are reordering the fundamental processes of news production. Immediacy, interactivity, and participation now play a role unlike any time before, creating clashes between old and new. These values emerge from the social practices, pressures, and norms at play inside the newsroom as journalists attempt to negotiate the new demands of their work. Immediacy forces journalists to work in a constant deadline environment, an ASAP world, but one where the vaunted traditions of yesterday's news still appear in the next day's print paper. Interactivity, inspired by the new user-computer directed capacities online and the immersive Web environment, brings new kinds of specialists into the newsroom, but exacts new demands upon the already taxed workflow of traditional journalists. And at a time where social media presents the opportunity for new kinds of engagement between the audience and media, business executives hope for branding opportunities while journalists fail to truly interact with their readers"--$cProvided by publisher
=588  \\$aDescription based on print version record.
=630  07$aNew York times.$2fast$0(OCoLC)fst01356146
=630  00$aNew York times.
=610  27$aNew York Times Company.$2fast$0(OCoLC)fst00556521
=610  20$aNew York Times Company.
=650  \7$aOnline journalism.$2fast$0(OCoLC)fst01200881
=650  \7$aJournalism$xTechnological innovations.$2fast$0(OCoLC)fst00984105
=650  \7$aJournalism.$2fast$0(OCoLC)fst00984032
=650  \7$aSOCIAL SCIENCE$xGeneral.$2bisacsh
=650  \7$aLANGUAGE ARTS & DISCIPLINES$xJournalism.$2bisacsh
=650  \6$aJournalisme$xInnovations.
=650  \6$aJournalisme en ligne$zÉtats-Unis$xHistoire$y21e siecle.
=650  \0$aJournalism$xTechnological innovations.
=650  \0$aOnline journalism$zUnited States$xHistory$y21st century.
=650  \0$aJournalism$zUnited States$xHistory$y21st century.
=651  \7$aUnited States.$2fast$0(OCoLC)fst01204155
=655  \7$aHistory.$2fast$0(OCoLC)fst01411628
=655  \7$aElectronic books. $2local
=710  2\$aProject Muse.$edistributor
=830  \0$aBook collections on Project MUSE.
=856  40$zFull text available: $uhttps://muse.jhu.edu/book/30949/
=945  \\$aProject MUSE - 2014 Complete
=945  \\$aProject MUSE - 2014 Global Cultural Studies

