=LDR  04608cam a22005414a 4500
=001  musev2_29517
=003  MdBmJHUP
=005  20241011090936.0
=006  m\\\\\o\\d\\\\\\\\
=007  cr||||||||nn|n
=008  140506r20142014miu\\\\\o\\\\\\00\0\eng\d
=020  \\$a9780472120482
=020  \\$z9780472035953
=020  \\$z9780472119370
=035  \\$a(OCoLC)874037580
=040  \\$aMdBmJHUP$cMdBmJHUP
=050  \4$aD16.255.C65$bP37 2014
=082  0\$a907.1$223
=245  00$aPastplay : $bTeaching and Learning History with Technology / $cKevin Kee, editor.
=264  \1$aBaltimore, Maryland :$bProject Muse,$c2014
=264  \3$aBaltimore, Md. :$bProject MUSE, $c2014
=264  \4$c&copy;2014
=300  \\$a1 online resource: $billustrations.
=336  \\$atext$btxt$2rdacontent
=337  \\$acomputer$bc$2rdamedia
=338  \\$aonline resource$bcr$2rdacarrier
=490  0\$aDigital humanities
=500  \\$a"Digital culture books"--Series title page.
=500  \\$aIssued as part of book collections on Project MUSE.
=504  \\$aIncludes bibliographical references and index.
=505  0\$aWhat has mystery got to do with it? / Ruth Sandwell and John Sutton Lutz -- "Why can't you just tell us?" : learning Canadian history with the Virtual Historian / Stephane Levesque -- Interactive worlds as educational tools for understanding Arctic life / Richard Levy and Peter Dawson -- Tecumseh lies here : goals and challenges for a pervasive history game in progress / Timothy Compeau and Robert MacDougall -- The hermeneutics of screwing around; or what you do with a million books / Stephen Ramsay -- Abort, retry, pass, fail : games as teaching tools / Sean Gouglas, Mihaela Ilovan, Shannon Lucky, and Silvia Russell -- Ludic algorithms / Bethany Nowviskie -- Making and playing with models : using rapid prototyping to explore the history and technology of stage magic / William J. Turkel and Devon Elliott -- Contests for meaning : playing King Philip's War in the twenty-first century / Matthew Kirscenbaum -- Rolling your own : on modding commercial games for educational goals / Shawn Graham -- Simulation games and the study of the past : classroom guidelines / Jeremiah McCall -- Playing into the past : reconsidering the educational promise of public history exhibits / Brenda Trofanenko -- Teaching history in an age of pervasive computing : the case for games in the high school and undergraduate classroom / Kevin Kee and Shawn Graham -- Victorian SimCities : playful technology on Google Earth / Patrick Dunae and John Sutton Lutz -- True facts or false facts--which are more authentic / T. Mills Kelly.
=506  0\$aOpen Access$fUnrestricted online access$2star
=520  \\$aIn the field of history, the Web and other technologies have become important tools in research and teaching of the past. Yet the use of these tools is limited--many historians and history educators have resisted adopting them because they fail to see how digital tools supplement and even improve upon conventional tools (such as books). In Pastplay, a collection of essays by leading history and humanities researchers and teachers, editor Kevin Kee works to address these concerns head-on. How should we use technology? Playfully, Kee contends. Why? Because doing so helps us think about the past in new ways; through the act of creating technologies, our understanding of the past is re-imagined and developed. From the insights of numerous scholars and teachers, Pastplay argues that we should play with technology in history because doing so enables us to see the past in new ways by helping us understand how history is created; honoring the roots of research, teaching, and technology development; requiring us to model our thoughts; and then allowing us to build our own understanding.
=588  \\$aDescription based on print version record.
=650  \0$aHistory$xComputer-assisted instruction.
=650  \0$aHistory$xStudy and teaching (Higher)$xTechnological innovations.
=650  \0$aHistory$xStudy and teaching$xTechnological innovations.
=655  \7$aElectronic books. $2local
=700  1\$aKee, Kevin B.$q(Kevin Bradley),$d1969-$eeditor.
=710  2\$aProject Muse,$edistributor.
=730  0\$aDigital culture books.
=776  18$iPrint version:$z9780472119370
=710  2\$aProject Muse.$edistributor
=830  \0$aDigital humanities (Ann Arbor, Mich.)
=830  \0$aBook collections on Project MUSE.
=856  40$zFull text available: $uhttps://muse.jhu.edu/book/29517/
=945  \\$aProject MUSE - 2014 Higher Education
=945  \\$aProject MUSE - 2014 Complete

