=LDR  03323cam a22005294a 4500
=001  musev2_30821
=003  MdBmJHUP
=005  20241011092540.0
=006  m\\\\\o\\d\\\\\\\\
=007  cr||||||||nn|n
=008  140502s2014\\\\nju\\\\\o\\\\\\00\0\eng\d
=020  \\$a9780813563190
=020  \\$z0813563186
=020  \\$z9780813563183
=020  \\$z0813563194
=035  \\$a(OCoLC)878924616
=040  \\$aMdBmJHUP$cMdBmJHUP
=041  1\$aeng$hspa
=100  1\$aFeierstein, Daniel,$d1967-$eauthor.
=245  10$aGenocide as Social Practice : $bReorganizing Society under the Nazis and Argentina's Military Juntas / $cDaniel Feierstein ; translated by Douglas Andrew Town.
=264  \1$aNew Brunswick, New Jersey :$bRutgers University Press,$c2014.
=264  \3$aBaltimore, Md. :$bProject MUSE, $c2014
=264  \4$c&copy;2014.
=300  \\$a1 online resource (288 pages).
=336  \\$atext$btxt$2rdacontent
=337  \\$acomputer$bc$2rdamedia
=338  \\$aonline resource$bcr$2rdacarrier
=490  0\$aGenocide, Political Violence, Human Rights Series
=505  0\$aDefining the concept of genocide -- Toward a typology of genocidal social practices -- Reconciling the contradictions of modernity : equality, sovereignty, autonomy, and genocidal social practices -- Discourse and politics in Holocaust studies : uniqueness, comparability, and narration -- The problem of explaining the causes of the Nazi genocides -- Reshaping social relations through genocide -- Explaining genocidal social practices in Argentina : the problem of causation -- Toward a periodization of genocide in Argentina -- Concentration camp logic -- In conclusion : the uses of memory.
=506  0\$aOpen Access$fUnrestricted online access$2star
=520  \\$a"Genocide not only annihilates people but also destroys and reorganizes social relations, using terror as a method. In Genocide as Social Practice, social scientist Daniel Feierstein looks at the policies of state-sponsored repression pursued by the Argentine military dictatorship against political opponents between 1976 and 1983 and those pursued by the Third Reich between 1933 and 1945. He finds similarities, not in the extent of the horror but in terms of the goals of the perpetrators. First published in Argentina, in Spanish, Genocide as Social Practice has since been translated into many languages, now including this English edition. The book provides a distinctive and valuable look at genocide through the lens of Latin America as well as Europe."--Publisher's description
=546  \\$aIn English.
=588  \\$aDescription based on print version record.
=650  \7$aGenocide.$2fast$0(OCoLC)fst00940208
=650  \7$aSOCIAL SCIENCE/Demography.$2bisacsh
=650  \7$aSOCIAL SCIENCE$xEthnic Studies$xHispanic American Studies.$2bisacsh
=650  \6$aHolocauste, 1939-1945.
=650  \0$aGenocide$zArgentina.
=650  \0$aHolocaust, Jewish (1939-1945)
=650  \0$aGenocide.
=651  \7$aArgentina.$2fast$0(OCoLC)fst01205614
=655  \7$aElectronic books. $2local
=710  2\$aProject Muse.$edistributor
=830  \0$aBook collections on Project MUSE.
=856  40$zFull text available: $uhttps://muse.jhu.edu/book/30821/
=945  \\$aProject MUSE - 2014 Political Science and Policy Studies
=945  \\$aProject MUSE - 2014 Complete

