=LDR  04508cam a22004934a 4500
=001  musev2_30867
=003  MdBmJHUP
=005  20241011092611.0
=006  m\\\\\o\\d\\\\\\\\
=007  cr||||||||nn|n
=008  130829s2014\\\\mdu\\\\\o\\\\\\00\0\eng\d
=010  \\$z  2013032123
=020  \\$a9781421428505
=020  \\$z9781421413235
=020  \\$z9781421413228
=035  \\$a(OCoLC)879202833
=040  \\$aMdBmJHUP$cMdBmJHUP
=100  1\$aSpillane, Joseph F.,$eauthor.
=245  10$aCoxsackie : $bThe Life and Death of Prison Reform / $cJoseph F. Spillane.
=264  \1$aBaltimore :$bJohns Hopkins University Press,$c[2014]
=264  \3$aBaltimore, Md. :$bProject MUSE, $c2014
=264  \4$c&copy;[2014]
=300  \\$a1 online resource (312 pages).
=336  \\$atext$btxt$2rdacontent
=337  \\$acomputer$bc$2rdamedia
=338  \\$aonline resource$bcr$2rdacarrier
=490  0\$aReconfiguring American political history
=505  00$gIntroduction:$tThe ashes of reform --$gPart one.$tThe rapid rise of prison reform in New York, 1929-1944 --$tThe reformer's mural : the liberal penal imagination -- A new deal for prisons : the politics of reform in New York --$gPart two.$tPrison lives and the world of the reformatory --$tAdolescents adrift : young men on the road to Coxsackie --$tAgainst the wall : survival and resistance at Coxsackie --$tReform at work : ideas into action at Coxsackie --$tA conspiracy of frustration : coming home --$gPart three.$tThe slow death of prison reform in New York, 1944-1977 --$tThe frying pan and the fire : the reformatory in crisis, 1944-1963 --$tOut of time : Coxsackie and the end of the reform idea --$tFloodtide : Coxsackie and post-reformatory prison politics, 1963-1977 --$gConclusion:$tThe ghost of prisons future.
=506  0\$aOpen Access$fUnrestricted online access$2star
=520  \\$a"Should prisons attempt reform and uplift inmates or, by means of principled punishment, deter them from further wrongdoing? This debate has raged in Western Europe and in the United States at least since the late eighteenth century. Joseph F. Spillane examines the failure of progressive reform in New York State by focusing on Coxsackie, a New Deal reformatory built for young male offenders. Opened in 1935 to serve "adolescents adrift," Coxsackie instead became an unstable and brutalizing prison. From the start, the liberal impulse underpinning the prison's mission was overwhelmed by challenges it was unequipped or unwilling to face--drugs, gangs, and racial conflict. Spillane draws on detailed prison records to reconstruct a life behind bars in which "ungovernable" young men posed constant challenges to racial and cultural order. The New Deal order of the prison was unstable from the start; the politics of punishment quickly became the politics of race and social exclusion, and efforts to save liberal reform in postwar New York only deepened its failures. In 1977, inmates took hostages to focus attention on their grievances. The result was stricter discipline and an end to any pretense that Coxsackie was a reform institution. Why did the prison fail? For answers, Spillane immerses readers in the changing culture and racial makeup of the U.S. prison system and borrows from studies of colonial prisons, which emblematized efforts by an exploitative regime to impose cultural and racial restraint on others. In today's era of mass incarceration, prisons have become conflict-ridden warehouses and powerful symbols of racism and inequality. This account challenges the conventional wisdom that America's prison crisis is of comparatively recent vintage, showing instead how a racial and punitive system of control emerged from the ashes of a progressive ideal."--Publisher's description.
=588  \\$aDescription based on print version record.
=610  27$aCoxsackie Correctional Facility.$2fast$0(OCoLC)fst01924642
=610  20$aCoxsackie Correctional Facility.
=650  \7$aPrisons.$2fast$0(OCoLC)fst01077326
=650  \7$aPrisoners.$2fast$0(OCoLC)fst01077103
=650  \0$aPrisoners$zNew York (State)$zCoxsackie.
=650  \0$aPrisons$zNew York (State)$zCoxsackie.
=651  \7$aNew York (State)$zCoxsackie.$2fast$0(OCoLC)fst01231967
=655  \7$aElectronic books. $2local
=710  2\$aProject Muse.$edistributor
=830  \0$aBook collections on Project MUSE.
=856  40$zFull text available: $uhttps://muse.jhu.edu/book/30867/
=945  \\$aProject MUSE - 2014 History
=945  \\$aProject MUSE - 2014 Complete

