=LDR  02926cam a22005894a 4500
=001  musev2_31376
=003  MdBmJHUP
=005  20241011093209.0
=006  m\\\\\o\\d\\\\\\\\
=007  cr||||||||nn|n
=008  140728s2014\\\\onc\\\\\o\\\\\\00\0\fre\d
=020  \\$a9782760321601
=020  \\$z2760321606
=035  \\$a(OCoLC)881567704
=040  \\$aMdBmJHUP$cMdBmJHUP
=245  00$aTransfert : $bExploration d'un champ conceptuel / $csous la direction de Pascal Gin, Nicolas Goyer et Walter Moser.
=264  \1$aOttawa :$bPresses de l'Universite d'Ottawa,$c2014.
=264  \3$aBaltimore, Md. :$bProject MUSE, $c2014
=264  \4$c©2014.
=300  \\$a1 online resource (270 pages).
=336  \\$atext$btxt$2rdacontent
=337  \\$acomputer$bc$2rdamedia
=338  \\$aonline resource$bcr$2rdacarrier
=490  0\$aTransferts culturels
=505  0\$aPREMIÈRE PARTIE Le savoir du transfert -- DEUXIÈME PARTIE Le transfert et les champs du savoir -- TROISIÈME PARTIE Le cas des transferts mediatiques.
=506  0\$aOpen Access$fUnrestricted online access$2star
=520  \\$aL'ouvrage propose trois axes de reflexion sur le concept de transfert. Dans la premiere partie du volume, Hans-Jürgen Lüsebrink evoque les changements contemporains qui augmentent les communications interculturelles. Walter Moser examine l'histoire des concepts et explore la possibilite de faire du " transfert culturel " un instrument qui permettrait de rendre compte de la grande mobilite culturelle que nous observons de nos jours à l'echelle mondiale. Pierre Levy donne à cette exploration conceptuelle la plus grande amplitude en la deplaçant vers le domaine general du transfert des informati.
=588  \\$aDescription based on print version record.
=650  \7$aCulture diffusion.$2fast$0(OCoLC)fst00885109
=650  \7$aSOCIAL SCIENCE$xAnthropology$xCultural.$2bisacsh
=650  \7$aFOREIGN LANGUAGE STUDY$xFrench.$2bisacsh
=650  \7$aSociology.$2bicssc
=650  \7$aSociology and anthropology.$2bicssc
=650  \7$aSociety and social sciences Society and social sciences.$2bicssc
=650  \7$aSocial and cultural anthropology, ethnography Mod Social and cultural anthropology, ethnography.$2bicssc
=650  \7$aAnthropology.$2bicssc
=650  \7$acultural diffusion.$2aat
=650  \6$aDiffusion culturelle.
=650  \6$aTransfert (Le mot français)
=650  \6$aConcepts.
=650  \0$aTransfert (The French word)
=650  \0$aConcepts.
=650  \0$aCulture diffusion.
=655  \7$aElectronic books. $2local
=700  1\$aMoser, Walter,$d1942-
=700  1\$aGoyer, Nicolas.
=700  1\$aGin, Pascal.
=710  2\$aProject Muse.$edistributor
=830  \0$aBook collections on Project MUSE.
=856  40$zFull text available: $uhttps://muse.jhu.edu/book/31376/
=945  \\$aProject MUSE - 2014 Complete
=945  \\$aProject MUSE - 2014 Global Cultural Studies

