=LDR  01226cam a22003614a 4500
=001  musev2_32640
=003  MdBmJHUP
=005  20241011094709.0
=006  m\\\\\o\\d\\\\\\\\
=007  cr||||||||nn|n
=008  220902s2014\\\\xx\\\\\\o\\\\\\00\0\eng\d
=020  \\$a9781421429267
=020  \\$z9781421413327
=020  \\$z9781421413334
=035  \\$a(OCoLC)881627687
=040  \\$aMdBmJHUP$cMdBmJHUP
=100  1\$aBarton, John Cyril.
=245  10$aLiterary Executions : $bCapital Punishment and American Culture, 1820-1925
=264  \1$bJohns Hopkins University Press,$c2014
=264  \3$aBaltimore, Md. :$bProject MUSE, $c2014
=264  \4$c&copy;2014
=300  \\$a1 online resource (344 pages).
=336  \\$atext$btxt$2rdacontent
=337  \\$acomputer$bc$2rdamedia
=338  \\$aonline resource$bcr$2rdacarrier
=506  0\$aOpen Access$fUnrestricted online access$2star
=588  \\$aDescription based on print version record.
=655  \7$aElectronic books. $2local
=710  2\$aProject Muse.$edistributor
=830  \0$aBook collections on Project MUSE.
=856  40$zFull text available: $uhttps://muse.jhu.edu/book/32640/
=945  \\$aProject MUSE - 2014 Literature
=945  \\$aProject MUSE - 2014 Complete

