=LDR  02022cam a22004934a 4500
=001  musev2_32724
=003  MdBmJHUP
=005  20241011094830.0
=006  m\\\\\o\\d\\\\\\\\
=007  cr||||||||nn|n
=008  140630s2014\\\\nhu\\\\\o\\\\\\00\0\eng\d
=020  \\$a9781611685916
=020  \\$z1611685915
=020  \\$z9781611685336
=035  \\$a(OCoLC)882104907
=040  \\$aMdBmJHUP$cMdBmJHUP
=100  1\$aPessl, Fred.
=245  10$aBarren Grounds : $bThe Story of the Tragic Moffatt Canoe Trip / $cFred Skip Pessl.
=264  \1$aHanover, New Hampshire :$bDartmouth College Press,$c[2014]
=264  \3$aBaltimore, Md. :$bProject MUSE, $c2014
=264  \4$c&copy;[2014]
=300  \\$a1 online resource (176 pages).
=336  \\$atext$btxt$2rdacontent
=337  \\$acomputer$bc$2rdamedia
=338  \\$aonline resource$bcr$2rdacarrier
=505  0\$aPlanning the trip -- The journals -- Getting started -- Transition -- Into the Barrens -- Trouble -- Baker Lake -- Chesterfield.
=506  0\$aOpen Access$fUnrestricted online access$2star
=520  \\$aA journey to the Barren Lands of Arctic Canada becomes a race against time.
=588  \\$aDescription based on print version record.
=650  \7$aTravel.$2fast$0(OCoLC)fst01155558
=650  \7$aCanoes and canoeing.$2fast$0(OCoLC)fst00845880
=650  \7$aCanoeing accidents.$2fast$0(OCoLC)fst00845877
=650  \7$aSPORTS & RECREATION$xWater Sports.$2bisacsh
=650  \0$aCanoeing accidents$zNorthwest, Canadian.
=650  \0$aCanoes and canoeing$zNorthwest, Canadian.
=651  \7$aCanada$zCanadian Northwest.$2fast$0(OCoLC)fst01242540
=651  \6$aNord-Ouest canadien$xDescriptions et voyages.
=651  \0$aNorthwest, Canadian$xDescription and travel.
=655  \7$aElectronic books. $2local
=710  2\$aProject Muse.$edistributor
=830  \0$aBook collections on Project MUSE.
=856  40$zFull text available: $uhttps://muse.jhu.edu/book/32724/
=945  \\$aProject MUSE - 2014 History
=945  \\$aProject MUSE - 2014 Complete

