=LDR  01267cam a22003734a 4500
=001  musev2_33394
=003  MdBmJHUP
=005  20241011095616.0
=006  m\\\\\o\\d\\\\\\\\
=007  cr||||||||nn|n
=008  220902s2014\\\\xx\\\\\\o\\\\\\00\0\eng\d
=020  \\$a9781421428482
=020  \\$z9781421414652
=020  \\$z9781421414669
=035  \\$a(OCoLC)885906941
=040  \\$aMdBmJHUP$cMdBmJHUP
=100  1\$aElder, D. Rose.
=245  10$aWhy the Amish Sing : $bSongs of Solidarity and Identity
=264  \1$bJohns Hopkins University Press,$c2014
=264  \3$aBaltimore, Md. :$bProject MUSE, $c2014
=264  \4$c&copy;2014
=300  \\$a1 online resource (216 pages).
=336  \\$atext$btxt$2rdacontent
=337  \\$acomputer$bc$2rdamedia
=338  \\$aonline resource$bcr$2rdacarrier
=506  0\$aOpen Access$fUnrestricted online access$2star
=588  \\$aDescription based on print version record.
=655  \7$aElectronic books. $2local
=710  2\$aProject Muse.$edistributor
=830  \0$aBook collections on Project MUSE.
=856  40$zFull text available: $uhttps://muse.jhu.edu/book/33394/
=945  \\$aProject MUSE - 2014 American Studies
=945  \\$aProject MUSE - 2014 Complete
=945  \\$aProject MUSE - 2014 Global Cultural Studies

