=LDR  04906cam a22007574a 4500
=001  musev2_36138
=003  MdBmJHUP
=005  20241011103013.0
=006  m\\\\\o\\d\\\\\\\\
=007  cr||||||||nn|n
=008  141103s2014\\\\nyu\\\\\o\\\\\\00\0\eng\d
=020  \\$a9780801454776
=020  \\$z9780801454769
=020  \\$z9780801452314
=035  \\$a(OCoLC)894227653
=040  \\$aMdBmJHUP$cMdBmJHUP
=100  1\$aKefeli, Agnes,$eauthor.
=245  10$aBecoming Muslim in Imperial Russia : $bConversion, Apostasy, and Literacy / $6880-01$cAgnes Nilüfer Kefeli.
=264  \1$aLondon :$bCornell University Press,$c2014.
=264  \3$aBaltimore, Md. :$bProject MUSE, $c2014
=264  \4$c©2014.
=300  \\$a1 online resource (312 pages): $billustrations, maps
=336  \\$atext$btxt$2rdacontent
=337  \\$acomputer$bc$2rdamedia
=338  \\$aonline resource$bcr$2rdacarrier
=490  0\$aKnowledge Unlatched Backlist Collection 2016 : History
=505  0\$aApostasy, conversion, and literacy at work -- Popular knowledge of Islam on the Volga frontier -- Tailors, Sufis, and Abïstays: agents of change -- Christian martyrdom in Bolghar land -- Desacralization of Islamic knowledge and national martyrdom.
=506  0\$aOpen Access$fUnrestricted online access$2star
=520  \\$aIn the nineteenth century, the Russian Empire's Middle Volga region (today's Tatarstan) was the site of a prolonged struggle between Russian Orthodoxy and Islam, each of which sought to solidify its influence among the frontier's mix of Turkic, Finno-Ugric, and Slavic peoples. The immediate catalyst of the events that Agnes Nilufer Kefeli chronicles in Becoming Muslim in Imperial Russia was the collective turn to Islam by many of the region's Krashens, the Muslim and animist Tatars who converted to Russian Orthodoxy between the sixteenth and eighteenth centuries. The traditional view holds that the apostates had really been Muslim all along or that their conversions had been forced by the state or undertaken voluntarily as a matter of convenience. In Kefeli's view, this argument vastly oversimplifies the complexity of a region where many participated in the religious cultures of both Islam and Orthodox Christianity and where a vibrant Krashen community has survived to the present. By analyzing Russian, Eurasian, and Central Asian ethnographic, administrative, literary, and missionary sources, Kefeli shows how traditional education, with Sufi mystical components, helped to Islamize Finno-Ugric and Turkic peoples in the Kama-Volga countryside and set the stage for the development of modernist Islam in Russia. Of particular interest is Kefeli's emphasis on the role that Tatar women (both Krashen and Muslim) played as holders and transmitters of Sufi knowledge. Today, she notes, intellectuals and mullahs in Tatarstan seek to revive both Sufi and modernist traditions to counteract new expressions of Islam and promote a purely Tatar Islam aware of its specificity in a post-Christian and secular environment.
=546  \\$aIn English.
=588  \\$aDescription based on print version record.
=650  \7$aKristendom.$2sao
=650  \7$aIslam.$2sao
=650  \7$aApostater.$2sao
=650  \7$aIslam$xhistoria.$2sao
=650  \7$aIslam.$2fast$0(OCoLC)fst00979776
=650  \7$aApostasy$xIslam.$2fast$0(OCoLC)fst00811477
=650  \7$aApostasy$xChristianity.$2fast$0(OCoLC)fst02023166
=650  \7$aHISTORY$zEurope$xRussia & the Former Soviet Union.$2bisacsh
=650  \7$aHISTORY$zEurope$xEastern.$2bisacsh
=650  \7$aSOCIAL SCIENCE$xAnthropology$xCultural.$2bisacsh
=650  \7$aHISTORY$zEurope$zRussia & the Former Soviet Union.$2bisacsh
=650  \7$aHISTORY$zEurope$zEastern.$2bisacsh
=650  \7$aHISTORY$zEurope$xFormer Soviet Republics.$2bisacsh
=650  \7$aEuropean history.$2bicssc
=650  \7$aRegional and national history.$2bicssc
=650  \7$aHistory.$2bicssc
=650  \7$aHumanities.$2bicssc
=650  \6$aApostasie$xIslam.
=650  \6$aIslam$zRussie$xHistoire.
=650  \4$aHistory & Archaeology.
=650  \4$aRegions & Countries$zEurope.
=650  \4$aRussia & Former Soviet Republics.
=650  \0$aApostasy$xChristianity.
=650  \0$aApostasy$xIslam.
=650  \0$aIslam$zRussia$xHistory.
=651  \7$aRussia.$2fast$0(OCoLC)fst01207312
=655  \7$aHistory.$2fast$0(OCoLC)fst01411628
=655  \7$aElectronic books. $2local
=710  2\$aProject Muse.$edistributor
=830  \0$aBook collections on Project MUSE.
=880  10$6245-01/(Q$aBecoming Muslim in Imperial Russia :$bconversion, apostasy, and literacy /$cAgne⁺ђs Nilu⁺#x98 ; fer Kefeli.
=856  40$zFull text available: $uhttps://muse.jhu.edu/book/36138/
=945  \\$aProject MUSE - 2014 Russian and East European Studies
=945  \\$aProject MUSE - 2014 Complete
=945  \\$aProject MUSE - 2014 Global Cultural Studies

