=LDR  01182cam a22003614a 4500
=001  musev2_36155
=003  MdBmJHUP
=005  20241011103025.0
=006  m\\\\\o\\d\\\\\\\\
=007  cr||||||||nn|n
=008  220902s2014\\\\xx\\\\\\o\\\\\\00\0\eng\d
=020  \\$a9781421428420
=020  \\$z9781421415130
=020  \\$z9781421415123
=035  \\$a(OCoLC)899272746
=040  \\$aMdBmJHUP$cMdBmJHUP
=100  1\$aFroese, Brian.
=245  10$aCalifornia Mennonites / 
=264  \1$bJohns Hopkins University Press,$c2014
=264  \3$aBaltimore, Md. :$bProject MUSE, $c2015
=264  \4$c&copy;2014
=300  \\$a1 online resource (368 pages).
=336  \\$atext$btxt$2rdacontent
=337  \\$acomputer$bc$2rdamedia
=338  \\$aonline resource$bcr$2rdacarrier
=506  0\$aOpen Access$fUnrestricted online access$2star
=588  \\$aDescription based on print version record.
=655  \7$aElectronic books. $2local
=710  2\$aProject Muse.$edistributor
=830  \0$aBook collections on Project MUSE.
=856  40$zFull text available: $uhttps://muse.jhu.edu/book/36155/
=945  \\$aProject MUSE - 2015 Global Cultural Studies
=945  \\$aProject MUSE - 2015 Complete

