=LDR  03429cam a22007574a 4500
=001  musev2_36850
=003  MdBmJHUP
=005  20241011103835.0
=006  m\\\\\o\\d\\\\\\\\
=007  cr||||||||nn|n
=008  140328s2014\\\\miu\\\\\o\\\\\\00\0\eng\d
=010  \\$z  2020707121
=020  \\$a9780472900213
=020  \\$z9780472052158
=020  \\$z9780472072156
=020  \\$z9780472120314
=035  \\$a(OCoLC)894041546
=040  \\$aMdBmJHUP$cMdBmJHUP
=043  \\$aev-----
=050  04$aP92.S34
=082  0\$a302.23/0948$223
=100  1\$aSyvertsen, Trine,$eauthor.
=245  14$aThe Media Welfare State : $bNordic Media in the Digital Era / $cTrine Syvertsen, Gunn Enli, Ole J. Mjos, and Hallvard Moe.
=264  \1$aAnn Arbor :$bThe University of Michigan Press,$c[2014]
=264  \3$aBaltimore, Md. :$bProject MUSE, $c2015
=264  \4$c&copy;[2014]
=300  \\$a1 online resource (168 pages).
=336  \\$atext$btxt$2rdacontent
=337  \\$acomputer$bc$2rdamedia
=338  \\$aonline resource$bcr$2rdacarrier
=490  0\$aThe new media world
=504  \\$aIncludes bibliographical references (pages 133-152) and index.
=505  0\$aThe Nordic model and the media welfare state -- Media use -- The press -- Public service broadcasting -- The Nordic media company -- Conclusion.
=506  0\$aOpen Access$fUnrestricted online access$2star
=520  \\$aA dynamic examination of the media industry in the Nordic countries during the transition to today's digital environment.
=588  0\$aDescription based on print version record.
=650  \7$aPublic broadcasting$2fast
=650  \7$aMass media$xSocial aspects$2fast
=650  \7$aMass media policy$2fast
=650  \7$aMass media and culture$2fast
=650  \7$aDigital media$xSocial aspects$2fast
=650  \7$aSOCIAL SCIENCE$xGeneral.$2bisacsh
=650  \7$aPSYCHOLOGY$xSocial Psychology.$2bisacsh
=650  \6$aRadiodiffusion publique$zScandinavie.
=650  \6$aMedias$xAspect social$zScandinavie.
=650  \6$aMedias$xPolitique gouvernementale$zScandinavie.
=650  \6$aMedias et culture$zScandinavie.
=650  \6$aMedias numeriques$zScandinavie$xAspect social.
=650  \0$aPublic broadcasting$zScandinavia.
=650  \0$aMass media$xSocial aspects$zScandinavia.
=650  \0$aMass media policy$zScandinavia.
=650  \0$aMass media and culture$zScandinavia.
=650  \0$aDigital media$xSocial aspects$zScandinavia.
=651  \7$aScandinavia$2fast$1https://id.oclc.org/worldcat/entity/E39PBJpPCGQRXGcPmdjv6cCRKd
=655  \7$aElectronic books. $2local
=700  1\$aMoe, Hallvard.
=700  1\$aMjos, Ole J.,$d1970-$1https://id.oclc.org/worldcat/entity/E39PCjDT8PBW3TTX7Xw6mVTv9C
=700  1\$aEnli, Gunn,$d1970-$1https://id.oclc.org/worldcat/entity/E39PBJmtC8BrPwJxkPjrPpk7HC
=758  \\$ihas work:$aThe media welfare state (Text)$1https://id.oclc.org/worldcat/entity/E39PCGjTJWfJQr93hYt8JhjQv3$4https://id.oclc.org/worldcat/ontology/hasWork
=776  18$iPrint version:$tMedia welfare state.$dAnn Arbor : The University of Michigan Press, [2014]$z9780472072156$w(DLC)  2014002777
=710  2\$aProject Muse.$edistributor
=830  \0$aNew media world.
=830  \0$aBook collections on Project MUSE.
=856  40$zFull text available: $uhttps://muse.jhu.edu/book/36850/
=945  \\$aProject MUSE - 2015 Film, Theater and Performing Arts
=945  \\$aProject MUSE - 2015 Complete

