=LDR  03395cam a22006134a 4500
=001  musev2_39664
=003  MdBmJHUP
=005  20241011111232.0
=006  m\\\\\o\\d\\\\\\\\
=007  cr||||||||nn|n
=008  150112s2015\\\\nhu\\\\\o\\\\\\00\0\eng\d
=010  \\$z  2014033139
=020  \\$a9781611687316
=020  \\$z9781611687293
=020  \\$z1611687314
=035  \\$a(OCoLC)907002847
=040  \\$aMdBmJHUP$cMdBmJHUP
=100  1\$aKroes, Rob.
=245  10$aPrison Area, Independence Valley : $bAmerican Paradoxes in Political Life and Popular Culture / $cRob Kroes.
=264  \1$aHanover, New Hampshire :$bDartmouth College Press,$c2015.
=264  \3$aBaltimore, Md. :$bProject MUSE, $c2015
=264  \4$c©2015.
=300  \\$a1 online resource (208 pages).
=336  \\$atext$btxt$2rdacontent
=337  \\$acomputer$bc$2rdamedia
=338  \\$aonline resource$bcr$2rdacarrier
=490  0\$aRe-mapping the transnational
=505  0\$aThe George W. Bush administration and European anti-Americanism -- The ascent of the falling man : an iconic image of 9/11 -- Cool hand luck : how America played its hand entertaining the world -- Musical America : staging the U.S.A. to the sounds of music -- A spaghetti southern : landscapes of fear in Quentin Tarantino's Django unchained -- Freaks on display : a tale of empathy and ostracism -- American responses to the Holocaust : atrocity photographs as nomadic objects -- Barack Hussein Obama : two portrait sketches -- Obama and the paradox of American global power : dreams of democracy and the imperial imperative -- Taking exception.
=506  0\$aOpen Access$fUnrestricted online access$2star
=520  \\$aRob Kroes is professor emeritus of American studies at the University of Amsterdam, now also honorary professor at the University of Utrecht. One of Europe's leading American studies scholars, he is the author of numerous books and articles, including Photographic Memories: Private Pictures, Public Images, and American History.
=588  \\$aDescription based on print version record.
=651  \7$aUnited States.$2fast$0(OCoLC)fst01204155
=651  \6$aÉtats-Unis$xCivilisation$y21e siecle.
=651  \6$aÉtats-Unis$xPolitique et gouvernement$y2001-2009.
=651  \6$aÉtats-Unis$xPolitique et gouvernement$y2009-2017.
=651  \0$aUnited States$xCivilization$y21st century.
=651  \0$aUnited States$xPolitics and government$y2001-2009.
=651  \0$aUnited States$xPolitics and government$y2009-2017.
=650  \7$aPopular culture.$2fast$0(OCoLC)fst01071344
=650  \7$aPolitics and government.$2fast$0(OCoLC)fst01919741
=650  \7$aPolitical culture.$2fast$0(OCoLC)fst01069263
=650  \7$aCivilization.$2fast$0(OCoLC)fst00862898
=650  \7$aSOCIAL SCIENCE$xPopular Culture.$2bisacsh
=650  \7$aSOCIAL SCIENCE$xAnthropology$xCultural.$2bisacsh
=650  \7$aPOLITICAL SCIENCE$xPublic Policy$xCultural Policy.$2bisacsh
=650  \6$aCulture populaire$zÉtats-Unis.
=650  \0$aPolitical culture$zUnited States.
=650  \0$aPopular culture$zUnited States.
=655  \7$aElectronic books. $2local
=710  2\$aProject Muse.$edistributor
=830  \0$aBook collections on Project MUSE.
=856  40$zFull text available: $uhttps://muse.jhu.edu/book/39664/
=945  \\$aProject MUSE - 2015 Global Cultural Studies
=945  \\$aProject MUSE - 2015 Complete

