=LDR  03366cam a22006854a 4500
=001  musev2_39746
=003  MdBmJHUP
=005  20241011111330.0
=006  m\\\\\o\\d\\\\\\\\
=007  cr||||||||nn|n
=008  140617s2015\\\\miu\\\\\o\\\\\\00\0\eng\d
=010  \\$z  2020707100
=020  \\$a9780472900152
=020  \\$z9780472052431
=020  \\$z9780472072439
=020  \\$z9780472120796
=035  \\$a(OCoLC)907504357
=040  \\$aMdBmJHUP$cMdBmJHUP
=100  1\$aDarling-Wolf, Fabienne,$eauthor.
=245  10$aImagining the Global : $bTransnational Media and Popular Culture Beyond East and West / $cFabienne Darling-Wolf.
=264  \1$aAnn Arbor :$bThe University of Michigan Press,$c[2015]
=264  \3$aBaltimore, Md. :$bProject MUSE, $c2015
=264  \4$c©[2015]
=300  \\$a1 online resource (216 pages).
=336  \\$atext$btxt$2rdacontent
=337  \\$acomputer$bc$2rdamedia
=338  \\$aonline resource$bcr$2rdacarrier
=490  0\$aNew Media World
=505  0\$aIntroduction: a translocal approach to imagining the global -- Un-American idols: how the global/national/local intersect -- Holier-than-thou: representing the "other" and vindicating ourselves in international news -- Talking about non-no: (re)fashioning race and gender in global magazines -- Disjuncture and difference from the Banlieue to the Ganba: embracing hip-hop as a global genre -- What West is it? anime and manga according to Candy and Goldorak -- Imagining the global: transnational media and global audiences -- Lessons from a translocal approach? or, reflections on contemporary glocamalgamation -- Conclusion: getting over our "illusion d'optique."
=506  0\$aOpen Access$fUnrestricted online access$2star
=520  \\$aA focused multisited cultural analysis that reflects on the symbiotic relationship between the local, the national, and the global.
=546  \\$aEnglish.
=588  \\$aDescription based on print version record.
=650  \7$aMass media$xSocial aspects.$2fast$0(OCoLC)fst01011303
=650  \7$aMass media and globalization.$2fast$0(OCoLC)fst01748085
=650  \7$aMass media and culture.$2fast$0(OCoLC)fst01011339
=650  \7$aSOCIAL SCIENCE$xGeneral.$2bisacsh
=650  \7$aPSYCHOLOGY$xSocial Psychology.$2bisacsh
=650  \6$aMedias$xAspect social$zJapon.
=650  \6$aMedias$xAspect social$zFrance.
=650  \6$aMedias$xAspect social$zÉtats-Unis.
=650  \6$aMedias et mondialisation.
=650  \6$aMedias et culture.
=650  \0$aMass media$xSocial aspects$zJapan.
=650  \0$aMass media$xSocial aspects$zFrance.
=650  \0$aMass media$xSocial aspects$zUnited States.
=650  \0$aMass media and globalization.
=650  \0$aMass media and culture.
=651  \7$aJapan.$2gtt$0(NL-LeOCL)078551439
=651  \7$aFrankrijk.$2gtt$0(NL-LeOCL)078509335
=651  \7$aVerenigde Staten.$2gtt$0(NL-LeOCL)078939836
=651  \7$aUnited States.$2fast$0(OCoLC)fst01204155
=651  \7$aJapan.$2fast$0(OCoLC)fst01204082
=651  \7$aFrance.$2fast$0(OCoLC)fst01204289
=655  \7$aElectronic books. $2local
=710  2\$aProject Muse.$edistributor
=830  \0$aBook collections on Project MUSE.
=856  40$zFull text available: $uhttps://muse.jhu.edu/book/39746/
=945  \\$aProject MUSE - 2015 Film, Theater and Performing Arts
=945  \\$aProject MUSE - 2015 Complete

