=LDR  04954cam a22006734a 4500
=001  musev2_39747
=003  MdBmJHUP
=005  20241011111331.0
=006  m\\\\\o\\d\\\\\\\\
=007  cr||||||||nn|n
=008  150202s2015\\\\miu\\\\\o\\\\\\00\0\eng\d
=020  \\$a9780472900145
=020  \\$z9780472120789
=020  \\$z9780472072446
=020  \\$z9780472052448
=035  \\$a(OCoLC)907504394
=040  \\$aMdBmJHUP$cMdBmJHUP
=245  00$aInternationalizing "International Communication" / $cChin-Chuan Lee.
=264  \1$aAnn Arbor, MI :$bUniversity of Michigan Press,$c2015.
=264  \3$aBaltimore, Md. :$bProject MUSE, $c2015
=264  \4$c&copy;2015.
=300  \\$a1 online resource (336 pages).
=336  \\$atext$btxt$2rdacontent
=337  \\$acomputer$bc$2rdamedia
=338  \\$aonline resource$bcr$2rdacarrier
=490  0\$aNew media world
=505  00$tInternational communication research: critical reflections and a new point of departure /$rChin-Chuan Lee --$tWindow shopping: on internationalizing "international communication" /$rElihu Katz --$tBeyond Lazarsfeld: international communication research and its production of knowledge /$rTsan-Kuo Chang --$tBeyond modernization and the four theories of the press /$rJan Servaes --$tProfessional models in journalism: between homogenization and diversity /$rPaolo Mancini --$tConditions of capital: global media in local contexts /$rMichael Curtin --$tThe enduring strength of Hollywood: the "imperial adventure" genre and Avatar /$rJaap van Ginneken --$tResurrecting the imperial dimension in international communication /$rColin Sparks --$tDe-Westernization and cosmopolitan media studies /$rSilvio Waisbord --$tLocal experiences, cosmopolitan theories: on cultural relevance in international communication research /$rChin-Chuan Lee --$tTheorizing media production as a quasi-autonomous field: a reassessment of China News studies /$rJudy Polumbaum --$tTranslation, communication, and East-West understanding /$rZhang Longxi --$tPublic spheres, fields, networks: Western concepts for a de-Westernizing world /$rRodney Benson --$tCosmopolitanism and international communication: understanding civil society actors /$rPeter Dahlgren --$tPostcolonial visual culture: arguments from India /$rArvind Rajagopal.
=506  0\$aOpen Access$fUnrestricted online access$2star
=520  \\$aInternational communication as a field of inquiry is not very "internationalized." It has been taken as conceptual extension or empirical application of U.S. communication. Worse yet, much of the non-west has been socialized to adopt truncated versions of Pax Americana's notion of international communication. At stake is the "subject position" of academic and cultural inquirers: Who get to ask what kind of questions? It is important to note that the quest to establish universally valid "laws" of human society with little regard for cultural values and variations seems to be running out of steam. Many lines of intellectual development are reckoning with the important dimensions of empathetic understanding and subjective consciousness. In Internationalizing "International Communication" Lee and others argue that we must reject both America-writ-large views of the world and self-defeating mirror images that reject anything American or western on the grounds of cultural incompatibility or even cultural superiority
=588  \\$aDescription based on print version record.
=650  \7$aCommunication, International.$2fast$0(OCoLC)fst00870332
=650  \7$aPOLITICAL SCIENCE$xGeneral.$2bisacsh
=650  \7$aLANGUAGE ARTS & DISCIPLINES$xCommunication Studies.$2bisacsh
=650  \7$aPolitics & government.$2bicssc
=650  \7$aInternational relations.$2bicssc
=650  \6$aCommunication internationale.
=650  \0$aCommunication, International.
=655  \7$aElectronic books. $2local
=700  1\$aRajagopal, Arvind,$econtributor.
=700  1\$aDahlgren, Peter,$d1946-$econtributor.
=700  1\$aBenson, Rodney,$econtributor.
=700  1\$aZhang, Longxi,$econtributor.
=700  1\$aPolumbaum, Judy,$econtributor.
=700  1\$aWaisbord, Silvio R.$q(Silvio Ricardo),$d1961-$econtributor.
=700  1\$aSparks, Colin,$d1947-$econtributor.
=700  1\$aGinneken, Jaap van,$d1943-$econtributor.
=700  1\$aCurtin, Michael,$econtributor.
=700  1\$aMancini, Paolo,$econtributor.
=700  1\$aServaes, Jan,$d1952-$econtributor.
=700  1\$aChang, Tsan-Kuo,$econtributor.
=700  1\$aKatz, Elihu,$d1926-$econtributor.
=700  1\$aLi, Jinquan,$d1946-$eeditor.
=710  2\$aUniversity of Michigan.$bPress,$epublisher.
=730  0\$aDigital culture books.
=710  2\$aProject Muse.$edistributor
=830  \0$aBook collections on Project MUSE.
=856  40$zFull text available: $uhttps://muse.jhu.edu/book/39747/
=945  \\$aProject MUSE - 2015 Complete
=945  \\$aProject MUSE - 2015 Political Science and Policy Studies

