=LDR  04853cam a22008174a 4500
=001  musev2_39748
=003  MdBmJHUP
=005  20241011111331.0
=006  m\\\\\o\\d\\\\\\\\
=007  cr||||||||nn|n
=008  140903s2014\\\\miu\\\\\o\\\\\\00\0\eng\d
=010  \\$z  2020707439
=020  \\$a9780472900169
=020  \\$z9780472120680
=020  \\$z9780472052387
=020  \\$z9780472072385
=035  \\$a(OCoLC)907375506
=040  \\$aMdBmJHUP$cMdBmJHUP
=043  \\$an-us---
=050  04$aPS374.T434
=082  0\$a813.009/356$223
=100  1\$aShackelford, Laura,$eauthor.
=245  10$aTactics of the Human : $bExperimental Technics in American Fiction / $cLaura Shackelford.
=264  \1$aAnn Arbor :$bUniversity of Michigan Press,$c[2014]
=264  \3$aBaltimore, Md. :$bProject MUSE, $c2015
=264  \4$c©[2014]
=300  \\$a1 online resource (288 pages).
=336  \\$atext$btxt$2rdacontent
=337  \\$acomputer$bc$2rdamedia
=338  \\$aonline resource$bcr$2rdacarrier
=490  0\$aDigital culture books
=504  \\$aIncludes bibliographical references and index.
=505  0\$aAcknowledgments; Introduction: Retracing Digital Cultures through American Fiction; 1. Literary Turns at the Scene of Digital Writing; 2. Tracing the Human through Media Difference; 3. Realizing the Vitality of "Dead" Spaces; 4. Counting on Affect: Engaging Micropractices of the U.S. Nation; 5. Novel Diagnosis of Bioinformatic Circulation; Coda: Unfolding Technics; Notes; Bibliography; Index.
=506  0\$aOpen Access$fUnrestricted online access$2star
=520  \\$a"Tactics of the Human: Experimental Technics in American Fiction examines the ways contemporary American fiction develops digital cultures through the creative transposition of digital rhetorics and technological practices, incorporating devices such as the hyperlink, network, and recursive processing into print or in translating a classic print narrative into a digital hypertext fiction. These literary experiments with early digital cultures from the 1990s comparatively retrace and speculate on the digital's transformative influence on prior understandings of the human, of social lives, and of individuals' relations to material lifeworlds, exploring the consequences of the apparent plasticity of the boundaries of the human, particularly for women, subaltern subjects, and others already considered liminally human. As these texts query the digital technics entering into textual practices, subjectivity, spatial practices and social networks, lived space, nation, and economic circulation, they reconceive their own literary print narrative methods and material modes of circulation in order to elaborate on unnoticed potentialities and limits of digital technics, providing a crucial means to reorient digital cultures of the present"--$cProvided by publisher
=546  \\$aEnglish.
=588  0\$aDescription based on print version record.
=650  \7$aTechnologie$gMotiv$2gnd
=650  \7$aExperimentelle Literatur$2gnd
=650  \7$aInternetliteratur$2gnd
=650  \7$aNeue Medien$2gnd
=650  \7$aLiterature and the Internet$2fast
=650  \7$aLiterature and technology$2fast
=650  \7$aHypertext fiction$2fast
=650  \7$aHuman body and technology in literature$2fast
=650  \7$aExperimental fiction, American$2fast
=650  \7$aAmerican fiction$2fast
=650  \7$aSOCIAL SCIENCE$xMedia Studies.$2bisacsh
=650  \7$aLITERARY CRITICISM$xAmerican$xGeneral.$2bisacsh
=650  \6$aRoman numerique$xHistoire et critique.
=650  \6$aCorps humain et technologie dans la litterature.
=650  \6$aLitterature et technologie$zÉtats-Unis.
=650  \6$aRoman americain$xHistoire et critique.
=650  \0$aExperimental fiction, American$xHistory and criticism.
=650  \0$aLiterature and the Internet$zUnited States.
=650  \0$aHypertext fiction$xHistory and criticism.
=650  \0$aHuman body and technology in literature.
=650  \0$aLiterature and technology$zUnited States.
=650  \0$aAmerican fiction$xHistory and criticism.
=651  \7$aUSA$2gnd
=651  \7$aUnited States$2fast
=655  \7$aCriticism, interpretation, etc.$2fast
=655  \7$aElectronic books. $2local
=758  \\$ihas work:$aTactics of the human (Text)$1https://id.oclc.org/worldcat/entity/E39PCGdTjcPyt9BXbD9vkXkWCP$4https://id.oclc.org/worldcat/ontology/hasWork
=776  18$iPrint version:$tTactics of the human.$dAnn Arbor : University of Michigan Press, [2014]$z9780472072385$w(DLC)  2014023464
=710  2\$aProject Muse.$edistributor
=830  \0$aDigital culture books.
=830  \0$aBook collections on Project MUSE.
=856  40$zFull text available: $uhttps://muse.jhu.edu/book/39748/
=945  \\$aProject MUSE - 2015 Literature
=945  \\$aProject MUSE - 2015 Complete

