=LDR  02878cam a22005054a 4500
=001  musev2_40138
=003  MdBmJHUP
=005  20241011111819.0
=006  m\\\\\o\\d\\\\\\\\
=007  cr||||||||nn|n
=008  150105s2015\\\\nhu\\\\\o\\\\\\00\0\eng\d
=020  \\$a9781611687408
=020  \\$z1611687403
=020  \\$z9781611687620
=035  \\$a(OCoLC)910070605
=040  \\$aMdBmJHUP$cMdBmJHUP
=245  04$aThe Power of Writing : $bDartmouth '66 in the Twenty-First Century / $cChristiane Donahue and Kelly Blewett, Editors.
=264  \1$aHanover, New Hampshire :$bDartmouth College Press,$c[2015]
=264  \3$aBaltimore, Md. :$bProject MUSE, $c2015
=264  \4$c&copy;[2015]
=300  \\$a1 online resource (168 pages).
=336  \\$atext$btxt$2rdacontent
=337  \\$acomputer$bc$2rdamedia
=338  \\$aonline resource$bcr$2rdacarrier
=500  \\$aIncludes index.
=505  0\$aThe power of writing / Michael Mastanduno -- Updating Dartmouth / Joseph Harris -- Writing about math for the perplexed and the traumatized / Steven Strogatz -- Notes toward a theory of writing for the public / Kathleen Blake Yancey -- Writing in the sciences / Daniel Rockmore -- The good, hard work of writing well / David McCullough -- Growing writers: a response to David McCullough / Keith Gilyard -- History as a laboratory for the good, hard work of writing well / Leslie Butler -- Writing and states of emergency / Hortense J. Spillers -- Her prophetic voice: a response to Hortense Spillers / Patricia Bizzell -- Being the emergency: a response to Hortense Spillers / Melanie Benson Taylor -- Listening to write / Katherine Bergeron -- Writing as a performance of language, listening as an act of empathy / Maria Jerskey -- The power of sound and silence / Ioana Chitoran.
=506  0\$aOpen Access$fUnrestricted online access$2star
=520  \\$aWhy writing matters in higher education.
=546  \\$aEnglish.
=588  \\$aDescription based on print version record.
=650  \7$aEnglish language$xRhetoric$xStudy and teaching (Higher)$2fast$0(OCoLC)fst00911616
=650  \7$aAcademic writing$xStudy and teaching (Higher)$2fast$0(OCoLC)fst00795109
=650  \7$aREFERENCE$xWriting Skills.$2bisacsh
=650  \7$aLANGUAGE ARTS & DISCIPLINES$xRhetoric.$2bisacsh
=650  \7$aLANGUAGE ARTS & DISCIPLINES$xComposition & Creative Writing.$2bisacsh
=650  \0$aEnglish language$xRhetoric$xStudy and teaching (Higher)
=650  \0$aAcademic writing$xStudy and teaching (Higher)
=655  \7$aElectronic books. $2local
=700  1\$aDonahue, Christiane,$eeditor.
=700  1\$aBlewett, Kelly,$eeditor.
=710  2\$aProject Muse.$edistributor
=830  \0$aBook collections on Project MUSE.
=856  40$zFull text available: $uhttps://muse.jhu.edu/book/40138/
=945  \\$aProject MUSE - 2015 Higher Education
=945  \\$aProject MUSE - 2015 Complete

