=LDR  03740cam a22006374a 4500
=001  musev2_40755
=003  MdBmJHUP
=005  20241011112530.0
=006  m\\\\\o\\d\\\\\\\\
=007  cr||||||||nn|n
=008  150225s2015\\\\miu\\\\\o\\\\\\00\0\eng\d
=010  \\$z  2020707194
=020  \\$a9780472900114
=020  \\$z9780472072682
=020  \\$z9780472121137
=020  \\$z9780472052684
=035  \\$a(OCoLC)913138568
=040  \\$aMdBmJHUP$cMdBmJHUP
=100  1\$aEyman, Douglas,$eauthor.
=245  10$aDigital Rhetoric : $bTheory, Method, Practice / $cDouglas Eyman.
=264  \1$aAnn Arbor :$bUniversity of Michigan Press,$c[2015]
=264  \3$aBaltimore, Md. :$bProject MUSE, $c2015
=264  \4$c©[2015]
=300  \\$a1 online resource (176 pages).
=336  \\$atext$btxt$2rdacontent
=337  \\$acomputer$bc$2rdamedia
=338  \\$aonline resource$bcr$2rdacarrier
=490  0\$aDigital humanities
=505  0\$aDefining and locating digital rhetoric -- Digital rhetoric: theory -- Digital rhetoric: method -- Digital rhetoric: practice.
=506  0\$aOpen Access$fUnrestricted online access$2star
=520  \\$a"What is 'digital rhetoric'? This book aims to answer that question by looking at a number of inter-related histories, as well as evaluating a wide range of methods and practices from fields in the humanities, social sciences, and information sciences to determine what might constitute the work and the world of digital rhetoric. The advent of digital and networked communication technologies prompts renewed interest in basic questions such as 'what counts as a text?' and 'can traditional rhetoric operate in digital spheres or will it need to be revised? Or will we need to invent new rhetorical practices altogether?' Through examples and consideration of digital rhetoric theories, methods for both researching and making in digital rhetoric fields, and examples of digital rhetoric pedagogy, scholarship, and public performance, this book aims to provides a broad overview of digital rhetoric by investigating the histories and boundaries that arise from one version of a map of the emerging field, focusing on the theories that are taken up and revised by digital rhetoric scholars and practitioners, as well as the methods (both traditional and new) that can be used to both study digital rhetoric and to potentially make new forms that draw on digital rhetoric for their persuasive power"--$cProvided by publisher
=546  \\$aText in English.
=588  \\$aDescription based on print version record.
=650  \7$aRhetoric$xStudy and teaching.$2fast$0(OCoLC)fst01096971
=650  \7$aOnline authorship.$2fast$0(OCoLC)fst01748390
=650  \7$aDigital media.$2fast$0(OCoLC)fst00893716
=650  \7$aSOCIAL SCIENCE$xMedia Studies.$2bisacsh
=650  \7$aLANGUAGE ARTS & DISCIPLINES$xRhetoric.$2bisacsh
=650  \7$aCOMPUTERS$xDigital Media$xGeneral.$2bisacsh
=650  \7$aSemantics, discourse analysis, etc.$2bicssc
=650  \7$aInformation technology: general issues.$2bicssc
=650  \7$aGraphical & digital media applications.$2bicssc
=650  \6$aRhetorique$xÉtude et enseignement.
=650  \6$aRhetorique$xInformatique.
=650  \6$aInternet$xArt d'ecrire.
=650  \6$aMedias numeriques.
=650  \0$aRhetoric$xStudy and teaching.
=650  \0$aRhetoric$xData processing.
=650  \0$aOnline authorship.
=650  \0$aDigital media.
=655  \7$aElectronic books. $2local
=710  2\$aProject Muse.$edistributor
=830  \0$aBook collections on Project MUSE.
=856  40$zFull text available: $uhttps://muse.jhu.edu/book/40755/
=945  \\$aProject MUSE - 2015 Language and Linguistics
=945  \\$aProject MUSE - 2015 Complete

