=LDR  04272cam a22006254a 4500
=001  musev2_40610
=003  MdBmJHUP
=005  20241011112350.0
=006  m\\\\\o\\d\\\\\\\\
=007  cr||||||||nn|n
=008  150511s2015\\\\onc\\\\\o\\\\\\00\0\eng\d
=010  \\$z  2020718073
=020  \\$a9780776621838
=020  \\$z9780776621821
=020  \\$z9780776621845
=020  \\$z9780776622071
=035  \\$a(OCoLC)909085738
=040  \\$aMdBmJHUP$cMdBmJHUP
=245  00$aLaw, Privacy and Surveillance in Canada in the Post-Snowden Era / $cedited by Michael Geist.
=264  \1$aOttawa :$bUniversity of Ottawa Press,$c2015.
=264  \3$aBaltimore, Md. :$bProject MUSE, $c2015
=264  \4$c©2015.
=300  \\$a1 online resource (298 pages).
=336  \\$atext$btxt$2rdacontent
=337  \\$acomputer$bc$2rdamedia
=338  \\$aonline resource$bcr$2rdacarrier
=490  0\$aLaw, technology and media
=505  0\$aCanadian internet "boomerang" traffic and mass NSA surveillance : responding to privacy and network sovereignty challenges / Andrew Clement, Jonathan A. Obar -- Forgotten surveillance : covert human intelligence sources in Canada in a post-9/11 world / Steve Hewitt -- Foreign intelligence in an inter-networked world : time for a re-evaluation / Tamir Israel -- Lawful illegality : what Snowden has taught us about the legal infrastructure of the surveillance state / Lisa M. Austin -- Law, logarithms, and liberties : legal issues arising from CSE's metadata collection initiatives / Craig Forcese -- Permanent accountability gaps and partial remedies / Kent Roach -- The failure of official accountability and the rise of guerrilla accountability / Reg Whitaker -- Why watching the watchers isn't enough : Canadian surveillance law in the post-Snowden era / Michael Geist -- "Stuck on the agenda" : drawing lessons from the stagnation of "lawful access" legislation in Canada / Christopher Parsons.
=506  0\$aOpen Access$fUnrestricted online access$2star
=520  \\$aYears of surveillance-related leaks from US whistleblower Edward Snowden have fuelled an international debate over privacy, spying, and Internet surveillance. Much of the focus has centered on the role of the US National Security Agency, yet there is an important Canadian side to the story. The Communications Security Establishment, the Canadian counterpart to the NSA, has played an active role in surveillance activities both at home and abroad, raising a host of challenging legal and policy questions. With contributions by leading experts in the field, Law, Privacy and Surveillance in Canada in the Post-Snowden Era is the right book at the right time: From the effectiveness of accountability and oversight programs to the legal issues raised by metadata collection to the privacy challenges surrounding new technologies, this book explores current issues torn from the headlines with a uniquely Canadian perspective.
=546  \\$aEnglish.
=588  \\$aDescription based on print version record.
=650  \7$aPrivacy, Right of.$2fast$0(OCoLC)fst01077444
=650  \7$aElectronic surveillance$xLaw and legislation.$2fast$0(OCoLC)fst00907480
=650  \7$aLAW$xCriminal Law$xGeneral.$2bisacsh
=650  \7$aPrivacy law.$2bicssc
=650  \7$aPrivacy and data protection.$2bicssc
=650  \7$aLaws of Specific jurisdictions.$2bicssc
=650  \7$aLaw.$2bicssc
=650  \7$aHuman rights and civil liberties law.$2bicssc
=650  \7$aConstitutional and administrative law.$2bicssc
=650  \7$aComputing and information technology.$2bicssc
=650  \7$aComputer security.$2bicssc
=650  \6$aDroit à la vie privee$zCanada.
=650  \6$aSurveillance electronique$xDroit$zCanada.
=650  \0$aPrivacy, Right of$zCanada.
=650  \0$aElectronic surveillance$xLaw and legislation$zCanada.
=651  \7$aCanada.$2fast$0(OCoLC)fst01204310
=655  \7$aElectronic books. $2local
=700  1\$aGeist, Michael A.$q(Michael Allen),$d1968-$eeditor.
=710  2\$aProject Muse.$edistributor
=830  \0$aBook collections on Project MUSE.
=856  40$zFull text available: $uhttps://muse.jhu.edu/book/40610/
=945  \\$aProject MUSE - 2015 Complete
=945  \\$aProject MUSE - 2015 Political Science and Policy Studies

