=LDR  03240cam a22006974a 4500
=001  musev2_40612
=003  MdBmJHUP
=005  20241011112351.0
=006  m\\\\\o\\d\\\\\\\\
=007  cr||||||||nn|n
=008  150326s2015\\\\onc\\\\\o\\\\\\00\0\fre\d
=010  \\$z  2016417584
=020  \\$a9782760321892
=020  \\$z2760321894
=035  \\$a(OCoLC)911268962
=040  \\$aMdBmJHUP$cMdBmJHUP
=245  00$aLaïcité et humanisme / $csous la direction de Charles Le Blanc.
=264  \1$aOttawa :$bUniversity of Ottawa Press,$c2015.
=264  \3$aBaltimore, Md. :$bProject MUSE, $c2015
=264  \4$c©2015.
=300  \\$a1 online resource (150 pages).
=336  \\$atext$btxt$2rdacontent
=337  \\$acomputer$bc$2rdamedia
=338  \\$aonline resource$bcr$2rdacarrier
=490  0\$aPhilosophica
=505  0\$aCouverture; Titre; Droit d'auteur; Table des matieres; Introduction; Laïcite et identite; Valeurs, humanisme et transhumanisme; Laïcite scolaire et neutralite; Contribution au debat sur la laïcite au Quebec à partir d'elements de droit compare; Nation, laïcite, identite. À propos du debat entourant le projet de loi 60 du gouvernement quebecois; Deux concepts de laïcite et leurs enjeux; Chronique d'un debat. La laïcite sur le fil de presse; Traite sur la tolerance.
=506  0\$aOpen Access$fUnrestricted online access$2star
=520  \\$aLaïcite et humanisme : un titre et deux mots de grande actualite tant au Quebec qu'ailleurs dans le monde. Cet ouvrage, avec des contributions d'acteurs cles qui alimentent le debat sur le sens et la definition de la laïcite dans le Quebec du XXIe siecle, arrive à point nomme.
=546  \\$aFrench.
=588  \\$aDescription based on print version record.
=650  \7$aPhilosophy & Religion.$2hilcc
=650  \7$aReligion.$2hilcc
=650  \7$aRationalism.$2hilcc
=650  \7$aSecularization.$2fast$0(OCoLC)fst01110738
=650  \7$aSecular humanism.$2fast$0(OCoLC)fst01110728
=650  \7$aLaicism.$2fast$0(OCoLC)fst00990807
=650  \7$aPOLITICAL SCIENCE$xPolitical Process$xPolitical Advocacy.$2bisacsh
=650  \7$aSocial and political philosophy.$2bicssc
=650  \7$aReligious issues and debates.$2bicssc
=650  \7$aReligion: general.$2bicssc
=650  \7$aReligion and politics.$2bicssc
=650  \7$aReligion and beliefs.$2bicssc
=650  \7$aPhilosophy.$2bicssc
=650  \7$aPhilosophy of religion.$2bicssc
=650  \7$aHumanities.$2bicssc
=650  \6$aHumanisme laïque.
=650  \6$aSecularisation$zQuebec (Province)
=650  \6$aLaïcite$zQuebec (Province)
=650  \6$aHumanisme laïque$zQuebec (Province)
=650  \0$aSecular humanism$zQuebec (Province)
=650  \0$aSecular humanism.
=650  \0$aSecularization$zQuebec (Province)
=650  \0$aLaicism$zQuebec (Province)
=651  \7$aQuebec.$2fast$0(OCoLC)fst01207316
=655  \7$aElectronic books. $2local
=700  1\$aLe Blanc, Charles,$d1965-
=710  2\$aProject Muse.$edistributor
=830  \0$aBook collections on Project MUSE.
=856  40$zFull text available: $uhttps://muse.jhu.edu/book/40612/
=945  \\$aProject MUSE - 2015 Global Cultural Studies
=945  \\$aProject MUSE - 2015 Complete

