=LDR  03528cam a22007334a 4500
=001  musev2_40672
=003  MdBmJHUP
=005  20241011112431.0
=006  m\\\\\o\\d\\\\\\\\
=007  cr||||||||nn|n
=008  150415s2015\\\\onc\\\\\o\\\\\\00\0\eng\d
=010  \\$z  2015375510
=020  \\$a9780776622590
=020  \\$z9780776622576
=020  \\$z9780776622606
=020  \\$z9780776622583
=035  \\$a(OCoLC)907565875
=040  \\$aMdBmJHUP$cMdBmJHUP
=245  00$aeGirls, eCitizens : $bPutting Technology, Theory and Policy into Dialogue with Girls' and Young Women's Voices / $cedited by Jane Bailey and Valerie Steeves.
=264  \1$aOttawa :$bUniversity of Ottawa Press,$c2015.
=264  \3$aBaltimore, Md. :$bProject MUSE, $c2015
=264  \4$c&copy;2015.
=300  \\$a1 online resource (518 pages).
=336  \\$atext$btxt$2rdacontent
=337  \\$acomputer$bc$2rdamedia
=338  \\$aonline resource$bcr$2rdacarrier
=490  0\$aLaw, technology and media
=505  0\$aIntroduction : Cyber-utopia? Getting beyond the binary notion of technology as good or bad for girls -- part I. It's Not that simple : complicating girls' experiences on social media -- part II. Living in a gendered gaze -- part III. Dealing with sexualized violence -- part IV. eGirls, eCitizens.
=506  0\$aOpen Access$fUnrestricted online access$2star
=520  \\$a"EGirls, eCitizens is a landmark work that explores the many and varied forces shaping girls' and young women's experiences of privacy, identity, and equality in our digitally networked society. Drawing on the multi-disciplinary expertise of a remarkable team of leading Canadian and international scholars, as well as Canada's leading digital literacy organization, MediaSmarts, this edited collection definitively presents the complex realities of digitized communications for girls and young women, as revealed through the findings of the The eGirls Project (www.egirlsproject.ca) and other important research initiatives."--$cProvided by publisher.
=546  \\$aEnglish.
=588  \\$aDescription based on print version record.
=650  \7$aGender Studies & Sexuality.$2hilcc
=650  \7$aSocial Sciences.$2hilcc
=650  \7$aGender & Ethnic Studies.$2hilcc
=650  \7$aYoung women.$2fast$0(OCoLC)fst01183301
=650  \7$aTeenage girls.$2fast$0(OCoLC)fst01145412
=650  \7$aSocial media.$2fast$0(OCoLC)fst01741098
=650  \7$aInternet$xSocial aspects.$2fast$0(OCoLC)fst01766793
=650  \7$aCyberfeminism.$2fast$0(OCoLC)fst00885776
=650  \7$aSOCIAL SCIENCE$xWomen's Studies.$2bisacsh
=650  \7$aTechnology: general issues.$2bicssc
=650  \7$aSocial interaction.$2bicssc
=650  \7$asocial media.$2aat
=650  \6$aCyberfeminisme.
=650  \6$aInternet$xAspect social.
=650  \6$aMedias sociaux.
=650  \6$aJeunes femmes.
=650  \6$aAdolescentes.
=650  \2$aSocial Media
=650  \2$aAdolescent
=650  \0$aCyberfeminism.
=650  \0$aInternet$xSocial aspects.
=650  \0$aSocial media.
=650  \0$aYoung women.
=650  \0$aTeenage girls.
=655  \7$aElectronic books. $2local
=700  1\$aBailey, Jane,$d1965-$eauthor,$eeditor.
=700  1\$aSteeves, Valerie M.,$d1959-$eauthor,$eeditor.
=710  2\$aProject Muse.$edistributor
=830  \0$aBook collections on Project MUSE.
=856  40$zFull text available: $uhttps://muse.jhu.edu/book/40672/
=945  \\$aProject MUSE - 2015 Global Cultural Studies
=945  \\$aProject MUSE - 2015 Complete

