=LDR  04308cam a22005534a 4500
=001  musev2_41026
=003  MdBmJHUP
=005  20241011112850.0
=006  m\\\\\o\\d\\\\\\\\
=007  cr||||||||nn|n
=008  141216t20152015cou\\\\\o\\\\\\00\0\eng\d
=020  \\$a9781607323358
=020  \\$z9781607323341
=035  \\$a(OCoLC)914434947
=040  \\$aMdBmJHUP$cMdBmJHUP
=245  00$aGambling Debt : $bIceland's Rise and Fall in the Global Economy / $cedited by E. Paul Durrenberger and Gisli Palsson.
=264  \1$aBoulder :$bUniversity Press of Colorado,$c[2015]
=264  \3$aBaltimore, Md. :$bProject MUSE, $c2015
=264  \4$c©[2015]
=300  \\$a1 online resource (328 pages).
=336  \\$atext$btxt$2rdacontent
=337  \\$acomputer$bc$2rdamedia
=338  \\$aonline resource$bcr$2rdacarrier
=505  0\$aPreface / E. Paul Durrenberger and Gisli Palsson -- Introduction: The banality of financial evil / Gisli Palsson and E. Paul Durrenberger -- Prologue: Some poetic thoughts concerning meltdowns / Einar Már Gumundsson -- Vikings invade present-day Iceland / Kristín Loftsdóttir -- Exploiting Icelandic history: 2000-2008 / Guni Th. Jóhannesson -- Free market ideology, crony capitalism, and social resilience / Örn D. Jónsson and Rögnvaldur J. Saemundsson -- A day in the life of an Icelandic banker / Már Wolfgang Mixa -- Something rotten in the state of Iceland: "The production of truth" about the Icelandic banks / Vilhjálmur Árnason -- Overthrowing the government: a case study in protest / Jón Gunnar Bernburg -- "Welcome to the revolution!" Voting in the Anarcho-surrealists / Hulda Proppe -- Creativity and crisis / Tinna Gretarsdóttir, Ásmundur Ásmundsson, and Hannes Lárusson -- Groundtruthing individual transferable quotas / Evelyn Pinkerton -- Virtual fish stink, too / James Maguire -- The resilience of rural Iceland / Margaret Willson and Birna Gunnlaugsdóttir -- When fishing rights go up against human rights / Níels Einarsson -- Schools in two communities weather the crash / Guný S. Gubjörnsdóttir and Sigurlína Davísdóttir -- What happened to the migrant workers? / Unnur Dís Skaptadóttir -- Icelandic language schools after the crash / Pamela Joan Innes -- Charity in pre- and post-crisis Iceland / James G. Rice -- Epilogue: The neoliberal con / Dimitra Doukas -- Retrospect / James Carrier.
=506  0\$aOpen Access$fUnrestricted online access$2star
=520  \\$aGambling Debt is a game-changing contribution to the discussion of economic crises and neoliberal financial systems and strategies. Iceland?s 2008 financial collapse was the first case in a series of meltdowns, a warning of danger in the global order. This full-scale anthropology of financialization and the economic crisis broadly discusses this momentous bubble and burst and places it in theoretical, anthropological, and global historical context through descriptions of the complex developments leading to it and the larger social and cultural implications and consequences.
=546  \\$aEnglish.
=588  \\$aDescription based on print version record.
=651  \7$aIceland.$2fast$0(OCoLC)fst01210572
=651  \6$aIslande$xConditions economiques$y21e siecle.
=651  \0$aIceland$xEconomic conditions$y21st century.
=650  \7$aFinancial crises.$2fast$0(OCoLC)fst00924607
=650  \7$aEconomic history.$2fast$0(OCoLC)fst00901974
=650  \7$aDebts, External.$2fast$0(OCoLC)fst00888828
=650  \7$aSOCIAL SCIENCE$xAnthropology$xCultural & Social.$2bisacsh
=650  \6$aDettes exterieures$zIslande$y21e siecle.
=650  \6$aCrise financiere mondiale, 2008-2009.
=650  \0$aDebts, External$zIceland$y21st century.
=650  \0$aGlobal Financial Crisis, 2008-2009.
=650  \0$aFinancial crises$zIceland$xHistory$y21st century.
=655  \7$aHistory.$2fast$0(OCoLC)fst01411628
=655  \7$aElectronic books. $2local
=700  0\$aGísli Pálsson,$d1949-$eeditor.
=700  1\$aDurrenberger, E. Paul,$d1943-$eeditor.
=710  2\$aProject Muse.$edistributor
=830  \0$aBook collections on Project MUSE.
=856  40$zFull text available: $uhttps://muse.jhu.edu/book/41026/
=945  \\$aProject MUSE - 2015 Complete
=945  \\$aProject MUSE - 2015 Political Science and Policy Studies

