=LDR  05535cam a22006134a 4500
=001  musev2_42193
=003  MdBmJHUP
=005  20241011114230.0
=006  m\\\\\o\\d\\\\\\\\
=007  cr||||||||nn|n
=008  150615s2015\\\\onc\\\\\o\\\\\\00\0\fre\d
=020  \\$a9782760321922
=020  \\$z2760321924
=035  \\$a(OCoLC)922833674
=040  \\$aMdBmJHUP$cMdBmJHUP
=041  1\$afre$heng
=130  0\$aCritical development studies handbook.$lFrench.
=245  10$aDes outils pour le changement : $bUne approche critique en études du développement / $csous la direction de Henry Veltmeyer avec la participation de Nasser Ary Tanimoune.
=264  \1$a[Ottawa] :$bLes Presses de l'Universite d'Ottawa,$c2015.
=264  \3$aBaltimore, Md. :$bProject MUSE, $c2015
=264  \4$c©2015.
=300  \\$a1 online resource (464 pages).
=336  \\$atext$btxt$2rdacontent
=337  \\$acomputer$bc$2rdamedia
=338  \\$aonline resource$bcr$2rdacarrier
=490  0\$aCollection Etudes en developpement international et mondialisation
=505  0\$aCouverture; Titre de page; Droit d'auteur; Table des matieres; Dedicace; Remerciements; Un recueil aux multiples usages; Preface; Avant-propos de l'edition française; Avant-propos; Section 1: Une introduction; Module 1: L'evolution d'une idee; Section 2: Le retour de l'histoire; Module 2: Un retour en arriere; Module 3: L'histoire à la lumiere d'une approche critique du developpement; Module 4: L'histoire reorientee; Section 3: Une reflexion critique sur le developpement; Module 5: Les theories du developpement; Module 6: Les theories du developpement vues de l'Amerique latine.
=505  0\$aModule 7: Les theories critiques du developpementSection 4: Un systeme en crise; Module 8: Le capitalisme contemporain; Module 9: La mondialisation, l'imperialisme et le developpement; Module 10: Une etude critique de la mondialisation; Module 11: L'effondrement mondial; Section 5: La dimension internationale; Module 12: Le developpement et les relations internationales; Module 13: Les Nations Unies et le developpement; Module 14: Les organisations multilaterales dans le nouvel ordre mondial neoliberal; Module 15: Le cadre strategique international; Module 16: L'aide, la dette et le commerce.
=505  0\$aSection 6: L'État, les classes sociales et le developpementModule 17: Les classes sociales au centre d'une approche critique en etudes du developpement; Module 18: Le pouvoir et le developpement; Module 19: La dimension politique du developpement; Module 20: La guerre et le developpement; Section 7: La problematique de la pauvrete; Module 21: La Banque mondiale; Module 22: La crise de l'inegalite; Module 23: La dynamique des politiques de lutte contre la pauvrete; Section 8: Vers un nouveau paradigme; Module 24: Le capital social et le developpement local.
=505  0\$aModule 25: L'approche des moyens d'existence durablesModule 26: Le developpement humain en theorie et en pratique; Section 9: Le pouvoir et le developpement : les dimensions du genre et de la classe sociale; Module 27: Une analyse sociale critique du developpement; Module 28: Le genre, l'autonomisation et le developpement; Module 29: L'integration du genre dans l'economie; Section 10: La culture, les connaissances et l'education pour le developpement; Module 30: La matrice culturelle du developpement et du changement; Module 31: Le savoir et la technologie pour le developpement.
=505  0\$aModule 32: L'education pour le developpementSection 11: La transformation de l'agriculture et le developpement rural; Module 33: Une approche critique de l'etude du developpement rural; Module 34: Le developpement rural dans une perspective latino-americaine; Module 35: Les politiques foncieres contemporaines et les luttes pour la terre; Section 12: Le developpement capitaliste et le marche du travail; Module 36: Le travail, le capitalisme et les classes sociales; Module 37: La migration et le developpement; Module 38: Le developpement urbain dans les pays du Sud.
=506  0\$aOpen Access$fUnrestricted online access$2star
=520  \\$aSi la lutte mondiale contre la pauvrete n'est pas encore gagnee apres plus de 30 ans d'efforts concertes, c'est que le projet même du developpement comporte de graves lacunes. Ce recueil rassemble chercheurs et praticiens militants qui offrent une reflexion critique à l'appui de progres veritables et durables.
=546  \\$aFrench.
=588  \\$aDescription based on print version record.
=650  \7$aSocial change$xEconomic aspects.$2fast$0(OCoLC)fst01122314
=650  \7$aEconomic development.$2fast$0(OCoLC)fst00901785
=650  \7$aBUSINESS & ECONOMICS$xIndustries$xGeneral.$2bisacsh
=650  \7$aReference, information and interdisciplinary subjects.$2bicssc
=650  \7$aInterdisciplinary studies.$2bicssc
=650  \7$aDevelopment studies.$2bicssc
=650  \7$aeconomic development.$2aat
=650  \6$aDeveloppement economique.
=650  \6$aChangement social$xAspect economique.
=650  \0$aSocial change$xEconomic aspects.
=650  \0$aEconomic development.
=655  \7$aElectronic books. $2local
=700  1\$aAry Tanimoune, Oumarou el-Nasser,$d1970-$eeditor.
=700  1\$aVeltmeyer, Henry,$eeditor.
=710  2\$aProject Muse.$edistributor
=830  \0$aBook collections on Project MUSE.
=856  40$zFull text available: $uhttps://muse.jhu.edu/book/42193/
=945  \\$aProject MUSE - 2015 Complete
=945  \\$aProject MUSE - 2015 Political Science and Policy Studies

