=LDR  03621cam a22007574a 4500
=001  musev2_42529
=003  MdBmJHUP
=005  20241011114621.0
=006  m\\\\\o\\d\\\\\\\\
=007  cr||||||||nn|n
=008  150413s2015\\\\nhu\\\\\o\\\\\\00\0\eng\d
=010  \\$z  2015008498
=020  \\$a9781611688337
=020  \\$z9781611688313
=020  \\$z1611688337
=035  \\$a(OCoLC)925585797
=040  \\$aMdBmJHUP$cMdBmJHUP
=100  1\$aAdams-Campbell, Melissa M.
=245  10$aNew World Courtships : $bTransatlantic Alternatives to Companionate Marriage / $cMelissa M. Adams-Campbell.
=264  \1$aHanover, N.H. :$bDartmouth College Press,$c2015.
=264  \3$aBaltimore, Md. :$bProject MUSE, $c2015
=264  \4$c©2015.
=300  \\$a1 online resource (224 pages).
=336  \\$atext$btxt$2rdacontent
=337  \\$acomputer$bc$2rdamedia
=338  \\$aonline resource$bcr$2rdacarrier
=490  0\$aRe-mapping the transnational: a Dartmouth series in American studies
=505  0\$aIntroduction: mapping marriage -- Why marriage mattered then -- Comparing rights, comparing stories -- Making room for coquettes and fallen women -- A postcolonial heroine "writes back" -- Bungling bundling -- Epilogue: why marriage matters now.
=506  0\$aOpen Access$fUnrestricted online access$2star
=520  \\$a"The first scholarly study to recover a geographically diverse array of eighteenth and nineteenth-century countertexts that actively compare culturally diverse marriage practices from Canada to the Caribbean"--$cProvided by publisher.
=546  \\$aEnglish.
=588  \\$aDescription based on print version record.
=650  \7$aLiterature - General.$2hilcc
=650  \7$aLanguages & Literatures.$2hilcc
=650  \7$aSex in literature.$2fast$0(OCoLC)fst01114464
=650  \7$aMarriage in literature.$2fast$0(OCoLC)fst01010607
=650  \7$aMan-woman relationships in literature.$2fast$0(OCoLC)fst01007097
=650  \7$aMan-woman relationships.$2fast$0(OCoLC)fst01007080
=650  \7$aCourtship in literature.$2fast$0(OCoLC)fst00881885
=650  \7$aCompanionate marriage.$2fast$0(OCoLC)fst00871302
=650  \7$aLiterature, Modern$2fast$0(OCoLC)fst01000172
=650  \7$aBIOGRAPHY & AUTOBIOGRAPHY$xLiterary.$2bisacsh
=650  \6$aMariage dans la litterature.
=650  \6$aAmours dans la litterature.
=650  \6$aSexualite dans la litterature.
=650  \6$aRelations entre hommes et femmes dans la litterature.
=650  \6$aLitterature$y18e siecle$xHistoire et critique.
=650  \6$aLitterature$y19e siecle$xHistoire et critique.
=650  \6$aRelations entre hommes et femmes$vÉtudes transculturelles.
=650  \6$aMariage compagnonnage$vÉtudes transculturelles.
=650  \0$aMarriage in literature.
=650  \0$aCourtship in literature.
=650  \0$aSex in literature.
=650  \0$aMan-woman relationships in literature.
=650  \0$aLiterature, Modern$y18th century$xHistory and criticism.
=650  \0$aLiterature, Modern$y19th century$xHistory and criticism.
=650  \0$aMan-woman relationships$vCross-cultural studies.
=650  \0$aCompanionate marriage$vCross-cultural studies.
=655  \7$aCross-cultural studies.$2fast$0(OCoLC)fst01423769
=655  \7$aCriticism, interpretation, etc.$2fast$0(OCoLC)fst01411635
=655  \7$aElectronic books. $2local
=710  2\$aProject Muse.$edistributor
=830  \0$aBook collections on Project MUSE.
=856  40$zFull text available: $uhttps://muse.jhu.edu/book/42529/
=945  \\$aProject MUSE - 2015 Global Cultural Studies
=945  \\$aProject MUSE - 2015 Complete

