=LDR  07279cam a22007694a 4500
=001  musev2_42542
=003  MdBmJHUP
=005  20241011114631.0
=006  m\\\\\o\\d\\\\\\\\
=007  cr||||||||nn|n
=008  150509t20152015inu\\\\\o\\\\\\00\0\eng\d
=020  \\$a9781612493527
=020  \\$z1612493521
=020  \\$z9781557536969
=020  \\$z1612493513
=020  \\$z9781612493510
=035  \\$a(OCoLC)926015267
=040  \\$aMdBmJHUP$cMdBmJHUP
=245  00$aData Information Literacy : $bLibrarians, Data and the Education of a New Generation of Researchers  / $cedited by Jake Carlson and Lisa R. Johnston.
=264  \1$aWest Lafayette, Indiana :$bPurdue University Press,$c[2015]
=264  \3$aBaltimore, Md. :$bProject MUSE, $c2015
=264  \4$c©[2015]
=300  \\$a1 online resource (272 pages): $billustrations
=336  \\$atext$btxt$2rdacontent
=337  \\$acomputer$bc$2rdamedia
=338  \\$aonline resource$bcr$2rdacarrier
=490  0\$aPurdue information literacy handbooks
=505  00$tDetermining data information literacy needs : a study of students and research faculty /$rJake Carlson,$rMichael Fosmire,$rC.C. Miller,$rMegan Sapp Nelson --$tDeveloping the Data Information Literacy project : approach and methodology /$rJake Carlson,$rLisa R. Johnston,$rBrian Westra --$tAn exploration of the data information literacy competencies : findings from the project interviews /$rJake Carlson,$rJon Jeffryes,$rLisa R. Johnston,$rMason Nichols,$rBrian Westra,$rSarah J. Wright --$tDeveloping a for-credit course to teach data information literacy skills : a case study in natural resources /$rSarah J. Wright,$rCamille Andrews --$tAddressing software code as data : an embedded librarian approach /$rJake Carlson,$rMegan Sapp Nelson --$tTeaching data information literacy skills in a library workshop setting : a case study in agricultural and biological engineering /$rMarianne Bracke,$rMichael Fosmire --$tTeaching civil engineering data information literacy skills : an e-learning approach /$rLisa R. Johnston,$rJon Jeffryes --$tTeaching ecology data information literacy skills to graduate students : a discussion-based approach /$rBrian Westra,$rDean Walton --$tDeveloping data information literacy programs : a guide for academic librarians /$rSarah J. Wright,$rJake Carlson,$rJohn Jeffryes,$rCamille Andrews,$rMarianne Bracke,$rMichael Fosmire,$rLisa R. Johnston,$rMegan Sapp Nelson,$rDean Walton,$rBrian Westra --$tWhere do we go from here? Further developing the data information literacy competencies /$rMegan Sapp Nelson --$tFuture directions for data information literacy : growing programs and communities of practice /$rJake Carlson.
=506  0\$aOpen Access$fUnrestricted online access$2star
=520  \\$a"Given the increasing attention to managing, publishing, and preserving research datasets as scholarly assets, what competencies in working with research data will graduate students in STEM disciplines need to be successful in their fields? And what role can librarians play in helping students attain these competencies? In addressing these questions, this book articulates a new area of opportunity for librarians and other information professionals, developing educational programs that introduce graduate students to the knowledge and skills needed to work with research data. The term "data information literacy" has been adopted with the deliberate intent of tying two emerging roles for librarians together. By viewing information literacy and data services as complementary rather than separate activities, the contributors seek to leverage the progress made and the lessons learned in each service area. The intent of the publication is to help librarians cultivate strategies and approaches for developing data information literacy programs of their own using the work done in the multiyear, IMLS-supported Data Information Literacy (DIL) project as real-world case studies. The initial chapters introduce the concepts and ideas behind data information literacy, such as the twelve data competencies. The middle chapters describe five case studies in data information literacy conducted at different institutions (Cornell, Purdue, Minnesota, Oregon), each focused on a different disciplinary area in science and engineering. They detail the approaches taken, how the programs were implemented, and the assessment metrics used to evaluate their impact. The later chapters include the "DIL Toolkit," a distillation of the lessons learned, which is presented as a handbook for librarians interested in developing their own DIL programs. The book concludes with recommendations for future directions and growth of data information literacy. More information about the DIL project can be found on the project's website: datainfolit.org"--$cProvided by publisher.
=588  \\$aDescription based on print version record.
=650  \7$aInformation literacy$xStudy and teaching (Higher)$2fast$0(OCoLC)fst00972564
=650  \7$aElectronic information resource literacy$xStudy and teaching (Higher)$2fast$0(OCoLC)fst00907291
=650  \7$aDigital preservation.$2fast$0(OCoLC)fst00893721
=650  \7$aDatabase management.$2fast$0(OCoLC)fst00888037
=650  \7$aCyberinfrastructure.$2fast$0(OCoLC)fst01746452
=650  \7$aAcademic libraries$xServices to graduate students.$2fast$0(OCoLC)fst01766502
=650  \7$aAcademic libraries$xRelations with faculty and curriculum.$2fast$0(OCoLC)fst00795063
=650  \7$aLANGUAGE ARTS & DISCIPLINES$xLibrary & Information Science$xGeneral.$2bisacsh
=650  \7$aLITERARY CRITICISM$xBooks & Reading.$2bisacsh
=650  \7$aLITERARY CRITICISM / Books & Reading.$2bisach
=650  \7$aLANGUAGE ARTS & DISCIPLINES / Library & Information Science / General.$2bisach
=650  \6$aCyberinfrastructure.
=650  \6$aBases de donnees$xGestion.
=650  \6$aSciences$xInformatique$xGestion.
=650  \6$aBibliothecaires d'universite$xEffets des innovations sur.
=650  \6$aBibliotheques universitaires$xRelations avec le corps enseignant et le programme d'etudes$zÉtats-Unis$vÉtudes de cas.
=650  \6$aBibliotheques universitaires$xServices aux etudiants diplômes.
=650  \0$aDigital preservation.
=650  \0$aCyberinfrastructure.
=650  \0$aDatabase management.
=650  \0$aResearch$xData processing$xManagement.
=650  \0$aScience$xData processing$xManagement.
=650  \0$aElectronic information resource literacy$xStudy and teaching (Higher)
=650  \0$aInformation literacy$xStudy and teaching (Higher)
=650  \0$aAcademic librarians$xEffect of technological innovations on.
=650  \0$aAcademic libraries$xRelations with faculty and curriculum$zUnited States$vCase studies.
=650  \0$aAcademic libraries$xServices to graduate students.
=651  \7$aUnited States.$2fast$0(OCoLC)fst01204155
=655  \7$aCase studies.$2fast$0(OCoLC)fst01423765
=655  \7$aElectronic books. $2local
=700  1\$aJohnston, Lisa$q(Lisa R.),$eeditor.
=700  1\$aCarlson, Jake,$d1970-$eeditor.
=710  2\$aProject Muse.$edistributor
=830  \0$aBook collections on Project MUSE.
=856  40$zFull text available: $uhttps://muse.jhu.edu/book/42542/
=945  \\$aProject MUSE - 2015 Complete

