=LDR  06866cam a22008174a 4500
=001  musev2_42601
=003  MdBmJHUP
=005  20241011114710.0
=006  m\\\\\o\\d\\\\\\\\
=007  cr||||||||nn|n
=008  140219s2014\\\\nyu\\\\\o\\\\\\00\0\eng\d
=020  \\$a9780801454912
=020  \\$z9780801454905
=020  \\$z9780801453274
=035  \\$a(OCoLC)894227715
=040  \\$aMdBmJHUP$cMdBmJHUP
=100  1\$aMcMann, Kelly M.,$d1970-$eauthor.
=245  10$aCorruption as a Last Resort : $bAdapting to the Market in Central Asia / $cKelly M. McMann.
=264  \1$aIthaca :$bCornell University Press,$c2014.
=264  \3$aBaltimore, Md. :$bProject MUSE, $c2015
=264  \4$c©2014.
=300  \\$a1 online resource (200 pages).
=336  \\$atext$btxt$2rdacontent
=337  \\$acomputer$bc$2rdamedia
=338  \\$aonline resource$bcr$2rdacarrier
=505  0\$aAn absence of alternatives : a new framework for understanding corruption -- Alternatives to corruption and the impact of market reform : the arguments and their theoretical implications -- Bribery, favoritism, and clientelism : evidence from Kazakhstan and Kyrgyzstan -- Market actors as an unrealized alternative : the impact of market reforms -- Islamic institutions and secular charities : obstacles to providing substitute resources -- Families : the uneven impact of market reforms -- Reducing corruption : policy recommendations -- Appendix : statistical analysis.
=506  0\$aOpen Access$fUnrestricted online access$2star
=520  \\$6880-01$aWhy do ordinary people engage in corruption? Kelly M. McMann contends that bureaucrats, poverty, and culture do not force individuals in Central Asia to pay bribes, use connections, or sell political support. Rather, corruption is a last resort when relatives, groups in society, the market, and formal government programs cannot provide essential goods and services. Using evidence from her long-term research in Kazakhstan and Kyrgyzstan, McMann shows that Islamic institutions, secular charities, entrepreneurs, and banks cannot provide the jobs and credit people need. This drives individuals to illicitly seek employment and loans from government officials. A leading cause of this resource scarcity is market reform, as demonstrated by McMann's analysis of these countries as well as of Uzbekistan and global data. Market reform without supporting institutions, such as credit registries and antimonopoly measures, limits the resources available from the market and societal groups. McMann finds that in these circumstances only those individuals who have affluent relatives have an alternative to corruption. By focusing on ordinary people, McMann offers a new understanding of corruption. Previously, our knowledge was largely restricted to government officials' role in illicit exchanges. From her novel approach comes a useful policy insight: supplying ordinary people with alternatives to corruption is a fundamental and important anticorruption strategy.
=546  \\$aIn English.
=588  \\$aDescription based on print version record.
=650  \7$aWirtschaftsreform$2gnd
=650  \7$aKorruption$2gnd
=650  \7$aPost-communism$xEconomic aspects.$2fast$0(OCoLC)fst01072733
=650  \7$aPolitics and government.$2fast$0(OCoLC)fst01919741
=650  \7$aPolitical corruption.$2fast$0(OCoLC)fst01069240
=650  \7$aEconomic history.$2fast$0(OCoLC)fst00901974
=650  \7$aCorruption.$2fast$0(OCoLC)fst01352550
=650  \7$aBUSINESS & ECONOMICS$xMarketing$vGeneral.$2bisacsh
=650  \7$aBUSINESS & ECONOMICS$xSales & Selling$vGeneral.$2bisacsh
=650  \7$aPOLITICAL SCIENCE$xComparative Politics.$2bisacsh
=650  \7$aPOLITICAL SCIENCE$xPolitical Economy.$2bisacsh
=650  \7$aBUSINESS & ECONOMICS$xSales & Selling$xGeneral.$2bisacsh
=650  \7$aBUSINESS & ECONOMICS$xMarketing$xGeneral.$2bisacsh
=650  \7$aBUSINESS & ECONOMICS$xCommerce.$2bisacsh
=650  \7$aSociety and social sciences Society and social sciences.$2bicssc
=650  \7$aPolitics and government.$2bicssc
=650  \7$aPolitical corruption.$2bicssc
=650  \6$aPostcommunisme$xAspect economique$zAsie centrale.
=650  \6$aCorruption (Politique)$zAsie centrale.
=650  \6$aCorruption$zAsie centrale.
=650  \4$aPolitical corruption$zAsia, Central.
=650  \4$aPost-communism$xEconomic aspects$zAsia, Central.
=650  \4$aCorruption$zAsia, Central.
=650  \4$aAsia, Central$xPolitics and government$x1991-
=650  \4$aAsia, Central$xEconomic conditions$x1991-
=650  \0$aPost-communism$xEconomic aspects$zAsia, Central.
=650  \0$aPolitical corruption$zAsia, Central.
=650  \0$aCorruption$zAsia, Central.
=651  \7$aCentral Asia.$2fast$0(OCoLC)fst01240497
=651  \6$aAsie centrale$xPolitique et gouvernement$y1991-
=651  \6$aAsie centrale$xConditions economiques$y1991-
=651  \0$aAsia, Central$xPolitics and government$y1991-
=651  \0$aAsia, Central$xEconomic conditions$y1991-
=655  \7$aElectronic books. $2local
=710  2\$aProject Muse.$edistributor
=830  \0$aBook collections on Project MUSE.
=880  \\$6520-01/(Q$aWhy do ordinary people engage in corruptionKelly M. McMann contends that bureaucrats, poverty, and culture do not force individuals in Central Asia to pay bribes, use connections, or sell political support. Rather, corruption is a last resort when relatives, groups in society, the market, and formal government programs cannot provide essential goods and services. Using evidence from her long-term research in Kazakhstan and Kyrgyzstan, McMann shows that Islamic institutions, secular charities, entrepreneurs, and banks cannot provide the jobs and credit people need. This drives individuals to illicitly seek employment and loans from government officials. A leading cause of this resource scarcity is market reform, as demonstrated by McMann's analysis of these countries as well as of Uzbekistan and global data. Market reform without supporting institutions, such as credit registries and antimonopoly measures, limits the resources available from the market and societal groups. McMann finds that in these circumstances only those individuals who have affluent relatives have an alternative to corruption. By focusing on ordinary people, McMann offers a new understanding of corruption. Previously, our knowledge was largely restricted to government officialѕђ́ة role in illicit exchanges. From her novel approach comes a useful policy insight: supplying ordinary people with alternatives to corruption is a fundamental and important anticorruption strategy.
=856  40$zFull text available: $uhttps://muse.jhu.edu/book/42601/
=945  \\$aProject MUSE - 2015 History
=945  \\$aProject MUSE - 2015 Complete
=945  \\$aProject MUSE - 2015 Asian and Pacific Studies

