=LDR  03814cam a22005654a 4500
=001  musev2_42636
=003  MdBmJHUP
=005  20241011114736.0
=006  m\\\\\o\\d\\\\\\\\
=007  cr||||||||nn|n
=008  150914s2015\\\\miu\\\\\o\\\\\\00\0\eng\d
=010  \\$z  2020707294
=020  \\$a9780472900039
=020  \\$z9780472121601
=020  \\$z9780472072996
=020  \\$z9780472052998
=035  \\$a(OCoLC)927073955
=040  \\$aMdBmJHUP$cMdBmJHUP
=100  1\$aLa Raja, Raymond J.,$d1965-$eauthor.
=245  10$aCampaign Finance and Political Polarization : $bWhen Purists Prevail / $cRaymond J. La Raja and Brian F. Schaffner.
=264  \1$aAnn Arbor :$bUniversity of Michigan Press,$c2015.
=264  \3$aBaltimore, Md. :$bProject MUSE, $c2015
=264  \4$c&copy;2015.
=300  \\$a1 online resource (208 pages).
=336  \\$atext$btxt$2rdacontent
=337  \\$acomputer$bc$2rdamedia
=338  \\$aonline resource$bcr$2rdacarrier
=505  0\$aCampaign finance laws, purists, and pragmatists: who benefits? -- The ideological wellsprings of campaign money -- Who gets campaign money and why rules matter -- Ideological polarization in state legislatures -- The hydraulics of campaign money -- The future of reform: build canals, not dams.
=506  0\$aOpen Access$fUnrestricted online access$2star
=520  \\$a"Efforts to reform the U.S. campaign finance system typically focus on the corrupting influence of large contributions. Yet, as Raymond J. La Raja and Brian F. Schaffner argue, reforms aimed at cutting the flow of money into politics have unintentionally favored candidates with extreme ideological agendas and, consequently, fostered political polarization. Drawing on data from 50 states and the U.S. Congress over 20 years, La Raja and Schaffner reveal that current rules allow wealthy ideological groups and donors to dominate the financing of political campaigns. In order to attract funding, candidates take uncompromising positions on key issues and, if elected, take their partisan views into the legislature. As a remedy, the authors propose that additional campaign money be channeled through party organizations - rather than directly to candidates - because these organizations tend to be less ideological than the activists who now provide the lion's share of money to political candidates. Shifting campaign finance to parties would ease polarization by reducing the influence of 'purist' donors with their rigid policy stances. La Raja and Schaffner conclude the book with policy recommendations for campaign finance in the United States. They are among the few non-libertarians who argue that less regulation, particularly for political parties, may in fact improve the democratic process."--Publisher description
=546  \\$aEnglish.
=588  \\$aDescription based on print version record.
=650  \7$aPolarization (Social sciences)$2fast$0(OCoLC)fst01068309
=650  \7$aCampaign funds.$2fast$0(OCoLC)fst00844844
=650  \7$aPOLITICAL SCIENCE$xGeneral.$2bisacsh
=650  \7$aPOLITICAL SCIENCE$xPolitical Process$xGeneral.$2bisacsh
=650  \7$aPOLITICAL SCIENCE$xPolitical Process$xElections.$2bisacsh
=650  \7$aPolitics & government.$2bicssc
=650  \7$aPolitical parties.$2bicssc
=650  \7$aElections & referenda.$2bicssc
=650  \6$aPolarisation collective.
=650  \0$aPolarization (Social sciences)
=650  \0$aCampaign funds.
=655  \7$aElectronic books. $2local
=700  1\$aSchaffner, Brian F.$q(Brian Frederick),$eauthor.
=710  2\$aProject Muse.$edistributor
=830  \0$aBook collections on Project MUSE.
=856  40$zFull text available: $uhttps://muse.jhu.edu/book/42636/
=945  \\$aProject MUSE - 2015 Complete
=945  \\$aProject MUSE - 2015 Political Science and Policy Studies

