=LDR  03835cam a22006614a 4500
=001  musev2_42424
=003  MdBmJHUP
=005  20241011114509.0
=006  m\\\\\o\\d\\\\\\\\
=007  cr||||||||nn|n
=008  210714s2016\\\\nyu\\\\\o\\\\\\00\0\eng\d
=010  \\$z  2020301243
=020  \\$a9780823267798
=020  \\$z9780823267774
=020  \\$z0823267776
=035  \\$a(OCoLC)925397714
=040  \\$aMdBmJHUP$cMdBmJHUP
=100  1\$aBennett, Gaymon,$d1972-$eauthor.
=245  10$aTechnicians of Human Dignity : $bBodies, Souls, and the Making of Intrinsic Worth / $cGaymon Bennett.
=264  \1$aNew York :$bFordham University Press,$c2016.
=264  \3$aBaltimore, Md. :$bProject MUSE, $c2015
=264  \4$c&copy;2016.
=300  \\$a1 online resource (352 pages).
=336  \\$atext$btxt$2rdacontent
=337  \\$acomputer$bc$2rdamedia
=338  \\$aonline resource$bcr$2rdacarrier
=490  0\$aJust ideas : transformative ideals of justice in ethical and political thought
=505  0\$aHuman Dignity and the Vatican -- The Church, the Secular, and Pastoral Power -- The Ontology of Vocation: Gaudium et spes -- Human Dignity and the United Nations -- Incapacity by Design: Politics, Sovereignty, and Human Rights -- Dignity and Governance: The Universal Declaration of Human Rights -- Diagnostic Excursus: Economies of Life and Power -- Human Dignity and the President's Council on Bioethics -- Bioethics and the Reconfiguration of Biopolitics -- The Biopolitical Pastoral: Beyond Therapy -- Methodological Epilogue: Toward an Anthropology of Figuration.
=506  0\$aOpen Access$fUnrestricted online access$2star
=520  3\$aTechnicians of Human Dignity traces the extraordinary rise of human dignity as a defining concern of religious, political, and bioethical institutions over the last half century and offers original insight into how human dignity has become threatened by its own success. The global expansion of dignitarian politics has left dignity without a stable set of meanings or referents, unsettling contemporary economies of life and power. Engaging anthropology, theology, and bioethics, Bennett grapples with contemporary efforts to mobilize human dignity as a counter-response to the biopolitics of the human body, and the breakdowns this has generated. To do this, he investigates how actors in pivotal institutions --the Vatican, the United Nations, U.S. Federal Bioethics--reconceived human dignity as the bearer of intrinsic worth, only to become frustrated by the Sisyphean struggle of turning its conceptions into practice.
=546  \\$aEnglish.
=588  \\$aDescription based on print version record.
=650  \7$aRespect for persons.$2fast$0(OCoLC)fst01095690
=650  \7$aHuman rights.$2fast$0(OCoLC)fst00963285
=650  \7$aBioethics.$2fast$0(OCoLC)fst00832038
=650  \7$aPOLITICAL SCIENCE$xHistory & Theory.$2bisacsh
=650  \6$aVie$xAspect economique.
=650  \6$aBioethique.
=650  \6$aDroits de l'homme (Droit international)
=650  \6$aRespect de la personne.
=650  22$aValue of Life
=650  22$aBioethics
=650  \2$aBioethical Issues
=650  \2$aHuman Rights
=650  12$aPersonhood
=650  \0$aHuman rights.
=650  \0$aBioethics.
=650  \0$aRespect for persons.
=610  27$aUnited Nations.$2fast$0(OCoLC)fst00530351
=610  22$aUnited Nations
=610  20$aUnited Nations.
=630  07$aConstitutio pastoralis de ecclesia in mundo huius temporis (Vatican Council)$2fast$0(OCoLC)fst01357640
=655  \7$aElectronic books. $2local
=710  2\$aProject Muse.$edistributor
=830  \0$aBook collections on Project MUSE.
=856  40$zFull text available: $uhttps://muse.jhu.edu/book/42424/
=945  \\$aProject MUSE - 2015 Philosophy and Religion
=945  \\$aProject MUSE - 2015 Complete

