=LDR  03205cam a22006614a 4500
=001  musev2_43633
=003  MdBmJHUP
=005  20241011115915.0
=006  m\\\\\o\\d\\\\\\\\
=007  cr||||||||nn|n
=008  151015s2016\\\\miu\\\\\o\\\\\\00\0\eng\d
=010  \\$z  2020707447
=020  \\$a9780472900060
=020  \\$z9780472004485
=020  \\$z9780472073047
=020  \\$z9780472121717
=020  \\$z9780472053049
=035  \\$a(OCoLC)933516689
=040  \\$aMdBmJHUP$cMdBmJHUP
=100  1\$aSmith, Sidonie,$eauthor.
=245  10$aManifesto for the Humanities : $bTransforming Doctoral Education in Good Enough Times / $cSidonie Smith.
=264  \1$aAnn Arbor :$bUniversity of Michigan Press,$c2016.
=264  \3$aBaltimore, Md. :$bProject MUSE, $c2016
=264  \4$c©2016.
=300  \\$a1 online resource (238 pages).
=336  \\$atext$btxt$2rdacontent
=337  \\$acomputer$bc$2rdamedia
=338  \\$aonline resource$bcr$2rdacarrier
=490  0\$aDigital humanities
=505  0\$aThe times are good enough -- The everyday life of the humanities now -- Toward a 21st-century doctoral education.
=506  0\$aOpen Access$fUnrestricted online access$2star
=520  \\$a"After a remarkable career in higher education, Sidonie Smith offers Manifesto for the Humanities as a reflective contribution to the current academic conversation over the place of the Humanities in the 21st century. Her focus is on doctoral education and opportunities she sees for its reform. Grounding this manifesto in background factors contributing to current "crises" in the humanities, Smith advocates for a 21st century doctoral education responsive to the changing ecology of humanistic scholarship and teaching. She elaborates a more expansive conceptualization of coursework and dissertation, a more robust, engaged public humanities, and a more diverse, collaborative, and networked sociality"--Back cover
=588  \\$aDescription based on print version record.
=650  \7$aUtbildningsreformer.$2sao
=650  \7$aHumaniora$xforskning.$2sao
=650  \7$aForskarutbildning.$2sao
=650  \7$aDoktorander.$2sao
=650  \7$aHumaniora.$2sao
=650  \7$aUniversities and colleges$xGraduate work.$2fast$0(OCoLC)fst01161785
=650  \7$aHumanities$xStudy and teaching.$2fast$0(OCoLC)fst00963631
=650  \7$aEducational change.$2fast$0(OCoLC)fst00903371
=650  \7$aDoctor of philosophy degree.$2fast$0(OCoLC)fst00896050
=650  \7$aEDUCATION$xGeneral.$2bisacsh
=650  \7$adoctoral degrees.$2aat
=650  \6$aEnseignement$xReforme.
=650  \6$aSciences humaines$xÉtude et enseignement.
=650  \6$aUniversites$xÉtudes des 2e et 3e cycles.
=650  \6$aDoctorat.
=650  \0$aEducational change.
=650  \0$aHumanities$xStudy and teaching.
=650  \0$aUniversities and colleges$xGraduate work.
=650  \0$aDoctor of philosophy degree.
=655  \7$aElectronic books. $2local
=710  2\$aProject Muse.$edistributor
=830  \0$aBook collections on Project MUSE.
=856  40$zFull text available: $uhttps://muse.jhu.edu/book/43633/
=945  \\$aProject MUSE - 2016 Complete
=945  \\$aProject MUSE - 2016 Higher Education

