=LDR  04032cam a22005774a 4500
=001  musev2_42133
=003  MdBmJHUP
=005  20241011114148.0
=006  m\\\\\o\\d\\\\\\\\
=007  cr||||||||nn|n
=008  150928s2016\\\\nyu\\\\\o\\\\\\00\0\eng\d
=020  \\$a9780823268276
=020  \\$z9780823268245
=020  \\$z0823268241
=035  \\$a(OCoLC)922451652
=040  \\$aMdBmJHUP$cMdBmJHUP
=100  1\$aBaxstrom, Richard.
=245  10$aRealizing the Witch : $bScience, Cinema, and the Mastery of the Invisible / $cRichard Baxstrom, Todd Meyers.
=264  \1$aNew York :$bFordham University Press,$c2016.
=264  \3$aBaltimore, Md. :$bProject MUSE, $c2016
=264  \4$c©2016.
=300  \\$a1 online resource (296 pages): $billustrations
=336  \\$atext$btxt$2rdacontent
=337  \\$acomputer$bc$2rdamedia
=338  \\$aonline resource$bcr$2rdacarrier
=490  0\$aForms of living
=505  0\$aIntroduction: What Is Häxan? -- Part I: The realization of the witch: the witch in the human sciences and the mastery of nonsense -- Evidence, first movement: words and things -- Evidence, second movement: tableaux and faces -- The viral character of the witch -- Demonology -- Part II: A mobile force in the modern age: 1922 -- Sex, touch, and materiality -- Possession and ecstasy -- Hysterias -- Postscript: it is very hard to believe.
=506  0\$aOpen Access$fUnrestricted online access$2star
=520  \\$a"Benjamin Christensen's Häxan (The Witch, 1922) stands as a singular film within the history of cinema. Deftly weaving contemporary scientific analysis and powerfully staged historical scenes of satanic initiation, confession under torture, possession, and persecution, Häxan creatively blends spectacle and argument to provoke a humanist re-evaluation of witchcraft in European history as well as the contemporary treatment of "hysterics" and the mentally ill. In Realizing the Witch, Baxstrom and Meyers show how Häxan opens a window onto wider debates in the 1920s regarding the relationship of film to scientific evidence, the evolving study of religion from historical and anthropological perspectives, and the complex relations between popular culture, artistic expression, and concepts in medicine and psychology. Häxan is a film that travels along the winding path of art and science rather than between the narrow division of "documentary" and "fiction". Baxstrom and Meyers reveal how Christensen's attempt to tame the irrationality of "the witch" risked validating the very "nonsense" that such an effort sought to master and dispel. Häxan is a notorious, genre-bending, excessive cinematic account of the witch in early modern Europe--Realizing the Witch not only illustrates the underrated importance of the film within the canons of classic cinema, it lays bare the relation of the invisible to that which we cannot prove but nevertheless "know" to be there"--$cProvided by publisher
=546  \\$aEnglish.
=588  \\$aDescription based on print version record.
=630  00$aHäxan (Motion picture)
=600  17$aChristensen, Benjamin,$d1879-1959.$2fast$0(OCoLC)fst00471328
=600  10$aChristensen, Benjamin,$d1879-1959.
=650  \7$aWitches.$2fast$0(OCoLC)fst01176346
=650  \7$aWitchcraft.$2fast$0(OCoLC)fst01176327
=650  \7$aSOCIAL SCIENCE$xFolklore & Mythology.$2bisacsh
=650  \7$aSOCIAL SCIENCE$xAnthropology$xCultural.$2bisacsh
=650  \6$aSorcieres$zEurope.
=650  \6$aSorcellerie$zEurope$xHistoire.
=650  \0$aWitches$zEurope.
=650  \0$aWitchcraft$zEurope$xHistory.
=651  \7$aEurope.$2fast$0(OCoLC)fst01245064
=655  \7$aHistory.$2fast$0(OCoLC)fst01411628
=655  \7$aElectronic books. $2local
=700  1\$aMeyers, Todd.
=710  2\$aProject Muse.$edistributor
=830  \0$aBook collections on Project MUSE.
=856  40$zFull text available: $uhttps://muse.jhu.edu/book/42133/
=945  \\$aProject MUSE - 2016 Complete
=945  \\$aProject MUSE - 2016 Film, Theater and Performing Arts

