=LDR  05219cam a22005774a 4500
=001  musev2_43244
=003  MdBmJHUP
=005  20241011115437.0
=006  m\\\\\o\\d\\\\\\\\
=007  cr||||||||nn|n
=008  151202s2016\\\\inu\\\\\o\\\\\\00\0\eng\d
=010  \\$z  2015035810
=020  \\$a9781612494234
=020  \\$z9781557537263
=020  \\$z1612494234
=020  \\$z9781612494227
=020  \\$z1612494226
=035  \\$a(OCoLC)930824727
=040  \\$aMdBmJHUP$cMdBmJHUP
=245  00$aMaking Institutional Repositories Work / $cedited by Burton B. Callicott, David Scherer, and Andrew Wesolek.
=264  \1$aWest Lafayette, Indiana :$bPurdue University Press,$c[2016]
=264  \3$aBaltimore, Md. :$bProject MUSE, $c2016
=264  \4$c©[2016]
=300  \\$a1 online resource (350 pages): $billustrations.
=336  \\$atext$btxt$2rdacontent
=337  \\$acomputer$bc$2rdamedia
=338  \\$aonline resource$bcr$2rdacarrier
=490  0\$aCharleston insights in library, archival, and information sciences
=505  00$tChoosing a repository platform : open-source vs. hosted solutions /$rHillary Corbett, Jimmy Ghaphery, Lauren Work, and Sam Byrd --$tRepository options for research data /$rKatherine McNeill --$tEnsuring discoverability of IR content /$rKenning Arlitsch, Patrick OBrien, Jeff Mixter, Jason A. Clark, and Leila Sterman --$tOpen-access policies : basics and impact on content recruitment /$rAndrew Wesolek and Paul Royster --$tResponsibilities and rights : balancing the institutional imperative for open access with authors' self-determination /$rIsaac Gilman --$tCampus open-access policy implementation models and implications for IR services /$rEllen Finnie Duranceau and Sue Kriegsman --$tElectronic theses and dissertations : preparing graduate students for their futures /$rGail McMillan --$tSystematically populating an IR with ETDS : launching a retrospective digitization project and collecting current ETDS at the University of Massachusetts Amherst /$rMeghan Banach Bergin and Charlotte Roh --$tFaculty self-archiving /$rStephanie Davis-Kahl --$tIncentivizing them to come : strategies, tools, and opportunities for marketing an institutional repository /$rDavid Scherer --$tRepository as publishing platform /$rSimone Sacchi and Mark Newton --$tPublishing pedagogy : the institutional repository as training ground for a new breed of academic journal editors /$rCatherine Mitchell and Lisa Schiff --$tPurposeful metrics : matching institutional repository metrics to purpose and audience /$rTodd Bruns and Harrison W. Inefuku --$tSocial media metrics as indicators of repository impact /$rKim Holmberg, Stefanie Haustein, and Daniel Beucke --$tPeer review and institutional repositories /$rBurton Callicott --$tDefining success and impact for scholars, department chairs, and administrators : is there a sweet spot? /$rMarianne A. Buehler --$tCreating the IR culture /$rAnne Langley and Yuan Li --$tOn implementing an open-source institutional repository : a case study /$rJames Tyler Mobley --$tInterlinking institutional repository content and enhancing user experiences : a case study from Purdue University /$rDavid Scherer, Lisa Zilinski, and Kelley Kimm --$tPopulating your institutional repository and promoting your students: IRs and undergraduate research /$rBetty Rozum and Becky Thoms --$tNext steps for IRs and open access /$rHeather Joseph.
=506  0\$aOpen Access$fUnrestricted online access$2star
=520  \\$aMaking International Repositories Work, arranged in five thematic sections, is intendede to take the pulse of institutional repositories - to see how they have matured and what can be expected from them, as well as introduce what may be the future role of the institutional repository. This collection of essays takes novices as well as seasoned practitioners through the practical and conceptual steps necessary to develop a functioning institutional repository, customized to the needs and culture of the home institution. -- from back cover.
=588  \\$aDescription based on print version record.
=650  \7$aInstitutional repositories.$2fast$0(OCoLC)fst01740486
=650  \7$aLANGUAGE ARTS & DISCIPLINES$xLibrary & Information Science$vGeneral.$2bisacsh
=650  \7$aLANGUAGE ARTS & DISCIPLINES$xLibrary & Information Science$xCollection Development.$2bisacsh
=650  \7$aLANGUAGE ARTS & DISCIPLINES$xLibrary & Information Science$xGeneral.$2bisacsh
=650  \6$aDepôts institutionnels$zÉtats-Unis$vÉtudes de cas.
=650  \6$aDepôts institutionnels.
=650  \0$aInstitutional repositories$zUnited States$vCase studies.
=650  \0$aInstitutional repositories.
=651  \7$aUnited States.$2fast$0(OCoLC)fst01204155
=655  \7$aCase studies.$2fast$0(OCoLC)fst01423765
=655  \0$aElectronic book.
=655  \7$aElectronic books. $2local
=700  1\$aWesolek, Andrew,$d1983-$eeditor.
=700  1\$aScherer, David,$d1984-$eeditor.
=700  1\$aCallicott, Burton B.,$d1968-$eeditor.
=710  2\$aProject Muse.$edistributor
=830  \0$aBook collections on Project MUSE.
=856  40$zFull text available: $uhttps://muse.jhu.edu/book/43244/
=945  \\$aProject MUSE - 2016 Complete

