=LDR  05361cam a22008894a 4500
=001  musev2_43328
=003  MdBmJHUP
=005  20241011115540.0
=006  m\\\\\o\\d\\\\\\\\
=007  cr||||||||nn|n
=008  151123s2015\\\\nhu\\\\\o\\\\\\00\0\eng\d
=010  \\$z  2015030774
=020  \\$a9781611688481
=020  \\$z9781611688467
=020  \\$z1611688485
=035  \\$a(OCoLC)932003744
=040  \\$aMdBmJHUP$cMdBmJHUP
=245  00$aAmerican Studies as Transnational Practice : $bTurning toward the Transpacific / $cedited by Yuan Shu & Donald E. Pease.
=264  \1$aHanover, NH :$bDartmouth College Press,$c2015.
=264  \3$aBaltimore, Md. :$bProject MUSE, $c2016
=264  \4$c©2015.
=300  \\$a1 online resource (400 pages).
=336  \\$atext$btxt$2rdacontent
=337  \\$acomputer$bc$2rdamedia
=338  \\$aonline resource$bcr$2rdacarrier
=490  0\$aRe-mapping the transnational: a Dartmouth series in American studies
=505  00$tIntroduction: Transnational American studies and the transpacific imaginary /$rYuan Shu and Donald E. Pease --$tPart I. Transnational practices: outside/inside American studies --$tHow transnationalism reconfigured the field of American studies: the transnational/diaspora complex /$rDonald E. Pease --$tPost-Soviet American studies /$rEva Cherniavsky --$tTransnationalism, planetary consciousness, and American studies /$rYuan Shu --$tPart II. Deep maps, postracial imaginaries, diasporized networks, and other transnational literary assemblages --$tTransnational Mark Twain /$rShelley Fisher Fishkin --$tRacial memory and the modern borders of the nation-state /$rRafael Perez-Torres --$tThe other side of history, the other side of fiction: form and genre in Susshu Foster's Atomik Aztex /$rRamón Saldívar --$tPart III. Remapping the transpacific turn: from the black Pacific and Oceanic ecopoetics to antipodean transnationalisms --$tThe manchurian philosopher: W.E.B. Du Bois in the Eurasian Pacific /$rEtsuko Taketani --$tToward an ecopoetics of Oceania: worlding the Asia-Pacific region as space-time ecumene /$rRob Wilson --$tAntipodean transnationalism: the empire lies athwart /$rPaul Giles --$tTranspacific studies and the cultures of US imperialism /$rJohn Carlos Rowe --$tPart IV. Decolonizing knowledge production for the Pacific century --$tGeopolitics of knowing/understanding and American studies: a decolonial argument or view from the global south /$rWalter D. Mignolo --$tIndustries of memory: the Viêt Nam War in art /$rViet Thanh Nguyen --$tChinAmerica: global affairs and planetary consciousness /$rAlfred Hornung --$tNegotiating the technological empire: cosmopolitics, colonial modernity, and early Chinese American autobiographical writing /$rYuan Shu.
=506  0\$aOpen Access$fUnrestricted online access$2star
=520  \\$aThe internationalization of American studies.
=546  \\$aEnglish.
=588  \\$aDescription based on print version record.
=650  \7$aTransnationalisierung$2gnd
=650  \7$aImperialismus$2gnd
=650  \7$aKultur$2gnd
=650  \7$aLiteratur$2gnd
=650  \7$aAmerikanistik$2gnd
=650  \7$aTransnationalism in literature.$2fast$0(OCoLC)fst01904970
=650  \7$aTransnationalism.$2fast$0(OCoLC)fst01154884
=650  \7$aEducation.$2fast$0(OCoLC)fst00902499
=650  \7$aLiterature and transnationalism.$2fast$0(OCoLC)fst01762400
=650  \7$aLiterature.$2fast$0(OCoLC)fst00999953
=650  \7$aImperialism in literature.$2fast$0(OCoLC)fst00968142
=650  \7$aCulture in literature.$2fast$0(OCoLC)fst00885113
=650  \7$aAmerican literature$xAsian American authors.$2fast$0(OCoLC)fst00807125
=650  \7$aLITERARY CRITICISM$xAmerican$xGeneral.$2bisacsh
=650  \6$aTransnationalisme.
=650  \6$aCulture dans la litterature.
=650  \6$aImperialisme dans la litterature.
=650  \6$aTransnationalisme dans la litterature.
=650  \6$aLitterature et transnationalisme$zÉtats-Unis.
=650  \6$aLitterature americaine$xAuteurs americains d'origine asiatique$xHistoire et critique.
=650  \0$aTransnationalism.
=650  \0$aCulture in literature.
=650  \0$aImperialism in literature.
=650  \0$aTransnationalism in literature.
=650  \0$aLiterature and transnationalism$zUnited States.
=650  \0$aAmerican literature$xAsian American authors$xHistory and criticism.
=651  \7$aAsien$2gnd
=651  \7$aUSA$2gnd
=651  \7$aUnited States.$2fast$0(OCoLC)fst01204155
=651  \7$aPacific Area.$2fast$0(OCoLC)fst01243504
=651  \7$aAsia.$2fast$0(OCoLC)fst01240495
=651  \6$aÉtats-Unis$xÉtude et enseignement.
=651  \6$aAsie$xDans la litterature.
=651  \6$aPacifique, Region du$xDans la litterature.
=651  \0$aUnited States$xStudy and teaching.
=651  \0$aAsia$xIn literature.
=651  \0$aPacific Area$xIn literature.
=655  \7$aCriticism, interpretation, etc.$2fast$0(OCoLC)fst01411635
=655  \7$aElectronic books. $2local
=700  1\$aPease, Donald E.,$eeditor.
=700  1\$aShu, Yuan,$eeditor.
=710  2\$aProject Muse.$edistributor
=830  \0$aBook collections on Project MUSE.
=856  40$zFull text available: $uhttps://muse.jhu.edu/book/43328/
=945  \\$aProject MUSE - 2016 Complete
=945  \\$aProject MUSE - 2016 Political Science and Policy Studies

