=LDR  05282cam a22008174a 4500
=001  musev2_43619
=003  MdBmJHUP
=005  20241011115905.0
=006  m\\\\\o\\d\\\\\\\\
=007  cr||||||||nn|n
=008  151201s2015\\\\nyu\\\\\o\\\\\\00\0\eng\d
=020  \\$a9780823267842
=020  \\$z0823267814
=020  \\$z9780823267811
=035  \\$a(OCoLC)930760519
=040  \\$aMdBmJHUP$cMdBmJHUP
=100  1\$aRizzuto, Nicole M.
=245  10$aInsurgent Testimonies : $bWitnessing Colonial Trauma in Modern and Anglophone Literature / $cNicole M. Rizzuto.
=250  \\$aFirst edition.
=264  \1$aNew York :$bFordham University Press,$c2015.
=264  \3$aBaltimore, Md. :$bProject MUSE, $c2016
=264  \4$c©2015.
=300  \\$a1 online resource (288 pages).
=336  \\$atext$btxt$2rdacontent
=337  \\$acomputer$bc$2rdamedia
=338  \\$aonline resource$bcr$2rdacarrier
=490  0\$aKnowledge Unlatched.
=490  0\$aOpen Access e-Books.
=505  0\$aIntroduction. Challenging ruptures: testimonial insurgencies, spectral witnesses -- Compelled confessions and forced attachments in Joseph Conrad's Under Western eyes and "Poland revisited" -- Traumas of nation and narrative: legal and literary witnessing in Rebecca West's wartime writings -- Vindicating the law: H.G. de Llisser, V.S. Reid, and the Morant Bay Rebellion -- Testimony and the crisis of the juridical order in Ngũgĩ wa Thiong'o's A grain of wheat.
=506  0\$aOpen Access$fUnrestricted online access$2star
=520  3\$aDuring the second half of the nineteenth century and the first half of the twentieth, insurgencies erupted in imperial states and colonies around the world, including Britain's. As Nicole Rizzuto shows, the writings of Ukrainian-born Joseph Conrad, Anglo-Irish Rebecca West, Jamaicans H.G. de Lisser and V.S. Reid, and Kenyan Ng gi wa Thiong'o testify to contested events in colonial modernity in ways that question premises underlying approaches in trauma and memory studies and invite us to reassess divisions and classifications in literary studies that generate such categories as modernist, colonial, postcolonial, national, and world literatures. Departing from tenets of modernist studies and from methods in the field of trauma and memory studies, Rizzuto contends that acute as well as chronic disruptions to imperial and national power and the legal and extra-legal responses they inspired shape the formal practices of literatures from the modernist, colonial, and postcolonial periods.
=546  \\$aEnglish.
=588  \\$aDescription based on print version record.
=650  \7$aLanguages & Literatures.$2hilcc
=650  \7$aEnglish.$2hilcc
=650  \7$aEnglish Literature.$2hilcc
=650  \7$aWar in literature.$2fast$0(OCoLC)fst01170505
=650  \7$aPsychic trauma in literature.$2fast$0(OCoLC)fst01081229
=650  \7$aNationalism and literature.$2fast$0(OCoLC)fst01033884
=650  \7$aLiterature and society.$2fast$0(OCoLC)fst01000096
=650  \7$aJustice, Administration of, in literature.$2fast$0(OCoLC)fst00985220
=650  \7$aImperialism in literature.$2fast$0(OCoLC)fst00968142
=650  \7$aEnglish literature.$2fast$0(OCoLC)fst00911989
=650  \7$aCommonwealth literature (English)$2fast$0(OCoLC)fst00869850
=650  \7$aPOLITICAL SCIENCE$xHuman Rights.$2bisacsh
=650  \6$aLitterature et societe$zAnglophonie.
=650  \6$aNationalisme et litterature$zAnglophonie.
=650  \6$aJustice$xAdministration, dans la litterature.
=650  \6$aTraumatisme psychique dans la litterature.
=650  \6$aGuerre dans la litterature.
=650  \6$aImperialisme dans la litterature.
=650  \6$aLitterature du Commonwealth (anglaise)$xHistoire et critique.
=650  \6$aLitterature anglaise$y20e siecle$xHistoire et critique.
=650  \0$aLiterature and society$zEnglish-speaking countries.
=650  \0$aNationalism and literature$zEnglish-speaking countries.
=650  \0$aJustice, Administration of, in literature.
=650  \0$aPsychic trauma in literature.
=650  \0$aWar in literature.
=650  \0$aImperialism in literature.
=650  \0$aCommonwealth literature (English)$xHistory and criticism.
=650  \0$aEnglish literature$y20th century$xHistory and criticism.
=651  \7$aEnglish-speaking countries.$2fast$0(OCoLC)fst01261775
=655  \7$aCriticism, interpretation, etc.$2fast$0(OCoLC)fst01411635
=655  \7$aElectronic books. $2local
=710  2\$aProject Muse.$edistributor
=830  \0$aBook collections on Project MUSE.
=880  0\$6505-00/(Q$aIntroduction. Challenging ruptures: testimonial insurgencies, spectral witnesses -- Compelled confessions and forced attachments in Joseph Conrad's Under Western eyes and "Poland revisited" -- Traumas of nation and narrative: legal and literary witnessing in Rebecca West's wartime writings -- Vindicating the law: H.G. de Llisser, V.S. Reid, and the Morant Bay Rebellion -- Testimony and the crisis of the juridical order in Ngu⁺ёgi⁺ё wa Thiong'o's A grain of wheat.
=856  40$zFull text available: $uhttps://muse.jhu.edu/book/43619/
=945  \\$aProject MUSE - 2016 Complete
=945  \\$aProject MUSE - 2016 Literature
=945  \\$aProject MUSE - 2016 African Studies

