=LDR  04545cam a22005054a 4500
=001  musev2_44205
=003  MdBmJHUP
=005  20241011120619.0
=006  m\\\\\o\\d\\\\\\\\
=007  cr||||||||nn|n
=008  151116s2016\\\\dcu\\\\\o\\\\\\00\0\eng\d
=010  \\$z  2015045078
=020  \\$a9780815727200
=020  \\$z9780815727187
=020  \\$z0815727208
=035  \\$a(OCoLC)929864212
=040  \\$aMdBmJHUP$cMdBmJHUP
=100  1\$aGhanem, Hafez,$eauthor.
=245  14$aThe Arab Spring Five Years Later : $bToward Great Inclusiveness / $cHafez Ghanem.
=264  \1$aWashington, D.C. :$bBrookings Institution Press,$c[2016]
=264  \3$aBaltimore, Md. :$bProject MUSE, $c2016
=264  \4$c©[2016]
=300  \\$a1 online resource (166 pages).
=336  \\$atext$btxt$2rdacontent
=337  \\$acomputer$bc$2rdamedia
=338  \\$aonline resource$bcr$2rdacarrier
=505  0\$aVolume 1. Toward greater inclusiveness -- Volume 2. Case studies.
=506  0\$aOpen Access$fUnrestricted online access$2star
=520  \\$aMohamed Bouazizi's 2010 death in Tunisia became the catalyst for revolts throughout the Middle East. Arab economies grew at healthy rates before the revolts, but the benefits of economic growth were unfairly distributed. The politically connected reaped great benefits, while educated youth could not find decent jobs, and the poor and middle class struggled to make ends meet. The author advised that Arab countries need to adopt new economic policies and programs that enhance inclusiveness, expand the middle class, and foster growth in undeveloped regions. Key elements include strengthening economic institutions, developing small businesses, reforming the education system to better prepare Arab youth for the modern labor market, promoting gender equality with the objective of raising female labor market participation rates, and setting up programs for rural and regional development to reduce inequality and eliminate extreme poverty.
=520  \\$aThe dilemma felt by Arab youth was captured in Tunisia by the selfimmolation in 2010 of Mohamed Bouazizi, who was frustrated by restrictions on his small street-vending business. His death became the catalyst for revolts throughout the Middle East. The frustration had been building for some time: large segments of society were denied economic progress, while the middle class was squeezed, and governments had cut back on services and public employment. Since the series of uprisings began, the debate in Arab countries has focused almost exclusively on politics and questions of national identity. However, economic issues are driving the agenda, and real economic grievances must be addressed in order for the many transitions to succeed. Hafez Ghanem gives a thorough assessment of the Arab Spring, beginning with political developments since the revolutions and changes in the legal and institutional frameworks that affect economies. Arab economies grew at healthy rates before the revolts, but the benefits of economic growth were unfairly distributed. The politically connected reaped great benefits, while educated youth could not find decent jobs, and the poor and middle class struggled to make ends meet. Ghanem advises that Arab countries need to adopt new economic policies and programs that enhance inclusiveness, expand the middle class, and foster growth in undeveloped regions. Key elements include strengthening economic institutions, developing small businesses, reforming the education system to better prepare Arab youth for the modern labor market, promoting gender equality with the objective of raising female labor market participation rates, and setting up programs for rural and regional development to reduce inequality and eliminate extreme poverty.
=588  \\$aDescription based on print version record.
=650  \7$aHISTORY$xWorld.$2bisacsh
=650  \6$aPrintemps arabe, 2010-2011.
=650  \0$aArab Spring, 2010-
=651  \7$aArab countries.$2fast$0(OCoLC)fst01240128
=651  \6$aÉtats arabes$xHistoire$y21e siecle.
=651  \0$aArab countries$xHistory$y21st century.
=655  \7$aHistory.$2fast$0(OCoLC)fst01411628
=655  \7$aElectronic books. $2local
=710  2\$aProject Muse.$edistributor
=830  \0$aBook collections on Project MUSE.
=856  40$zFull text available: $uhttps://muse.jhu.edu/book/44205/
=945  \\$aProject MUSE - 2016 Middle Eastern Studies
=945  \\$aProject MUSE - 2016 Complete
=945  \\$aProject MUSE - 2016 Political Science and Policy Studies

