=LDR  05464cam a22006974a 4500
=001  musev2_44595
=003  MdBmJHUP
=005  20241011121056.0
=006  m\\\\\o\\d\\\\\\\\
=007  cr||||||||nn|n
=008  160122s2016\\\\cou\\\\\o\\\\\\00\0\eng\d
=020  \\$a9781607323969
=020  \\$z9781607329060
=020  \\$z9781607323952
=035  \\$a(OCoLC)935695789
=040  \\$aMdBmJHUP$cMdBmJHUP
=100  1\$aPierce, Jason$q(Jason Eric)
=245  10$aMaking the White Man's West : $bWhiteness and the Creation of the American West / $cby Jason E. Pierce.
=264  \1$aBoulder :$bUniversity Press of Colorado,$c2016.
=264  \3$aBaltimore, Md. :$bProject MUSE, $c2016
=264  \4$c©2016.
=300  \\$a1 online resource (312 pages): $billustrations
=336  \\$atext$btxt$2rdacontent
=337  \\$acomputer$bc$2rdamedia
=338  \\$aonline resource$bcr$2rdacarrier
=490  0\$aOpen Access e-Books.
=490  0\$aKnowledge Unlatched.
=505  0\$aIntroduction: Whiteness and the Making of the American West -- Part I. From Dumping Ground to Refuge : Imagining the White Man's West, 1803-1924 -- "For Its Incorporation into Our Union" : The Louisiana Territory and the Conundrum of Western Expansion -- A Climate of Failure or One "Unrivaled, Perhaps, in the World?" -- "The Ablest and Most Valuable Fly Rapidly Westward" : Climate, Racial Vigor and the Advancement of the West, 1860-1900 -- Indians not Immigrants : Charles Fletcher Lummis, Frank Bird Linderman and the Complexities of Race and Ethnicity in America -- Part II. Creating and Defending the White Man's West -- The Politics of Whiteness and Western Expansion -- "Our Climate and Soil is Completely Adapted to their Customs" : Whiteness, Railroad Promotion and the Settlement of the Great Plains -- Unwelcome Saints : Whiteness, Mormons, and the Limits of Success -- Violence in Defense of the White Man's West -- Conclusion: The Limits and Limitations of Whiteness.
=506  0\$aOpen Access$fUnrestricted online access$2star
=520  2\$a"The West, especially the Intermountain states, ranks among the whitest places in America, but this fact obscures the more complicated history of racial diversity in the region. In Making the White Man's West, author Jason E. Pierce argues that since the time of the Louisiana Purchase, the American West has been a racially contested space. Using a nuanced theory of historical 'whiteness, ' he examines why and how Anglo-Americans dominated the region for a 120-year period. In the early nineteenth century, critics like Zebulon Pike and Washington Irving viewed the West as a 'dumping ground' for free blacks and Native Americans, a place where they could be segregated from the white communities east of the Mississippi River. But as immigrant populations and industrialization took hold in the East, white Americans began to view the West as a 'refuge for real whites.' The West had the most diverse population in the nation with substantial numbers of American Indians, Hispanics, and Asians, but Anglo-Americans could control these mostly disenfranchised peoples and enjoy the privileges of power while celebrating their presence as providing a unique regional character. From this came the belief in a White Man's West, a place ideally suited for 'real' Americans in the face of changing world. The first comprehensive study to examine the construction of white racial identity in the West, Making the White Man's West shows how these two visions of the West--as a racially diverse holding cell and a white refuge--shaped the history of the region and influenced a variety of contemporary social issues in the West today"--$cprovided by publisher
=546  \\$aEnglish.
=588  \\$aDescription based on print version record.
=651  \7$aWest United States.$2fast$0(OCoLC)fst01243255
=651  \6$aÉtats-Unis (Ouest)$xHistoire$y20e siecle.
=651  \6$aÉtats-Unis (Ouest)$xHistoire$y19e siecle.
=651  \0$aWest (U.S.)$xHistory$y20th century.
=651  \0$aWest (U.S.)$xHistory$y19th century.
=651  \0$aWest (U.S.)$xRace relations$xHistory.
=650  \7$aWhite people$xRace identity.$2fast$0(OCoLC)fst01174825
=650  \7$aWhite people.$2fast$0(OCoLC)fst01174816
=650  \7$aRacism.$2fast$0(OCoLC)fst01086616
=650  \7$aRace relations.$2fast$0(OCoLC)fst01086509
=650  \7$aFrontier and pioneer life.$2fast$0(OCoLC)fst00935370
=650  \7$aCultural pluralism.$2fast$0(OCoLC)fst01715991
=650  \7$aBritish Americans.$2fast$0(OCoLC)fst00839069
=650  \7$aSOCIAL SCIENCE$xMinority Studies.$2bisacsh
=650  \7$aSOCIAL SCIENCE$xDiscrimination & Race Relations.$2bisacsh
=650  \7$aHISTORY$zUnited States$xState & Local$xWest (AK, CA, CO, HI, ID, MT, NV, UT, WY)$2bisacsh
=650  \0$aFrontier and pioneer life$zWest (U.S.)
=650  \0$aCultural pluralism$zWest (U.S.)$xHistory.
=650  \0$aRacism$zWest (U.S.)$xHistory.
=650  \0$aBritish Americans$zWest (U.S.)$xHistory.
=650  \0$aWhite people$xRace identity$zWest (U.S.)$xHistory.
=650  \0$aWhite people$zWest (U.S.)$xHistory.
=655  \7$aHistory.$2fast$0(OCoLC)fst01411628
=655  \7$aElectronic books. $2local
=710  2\$aProject Muse.$edistributor
=830  \0$aBook collections on Project MUSE.
=856  40$zFull text available: $uhttps://muse.jhu.edu/book/44595/
=945  \\$aProject MUSE - 2016 Complete
=945  \\$aProject MUSE - 2016 US Regional Studies, West

