=LDR  04256cam a22006734a 4500
=001  musev2_45055
=003  MdBmJHUP
=005  20241011121637.0
=006  m\\\\\o\\d\\\\\\\\
=007  cr||||||||nn|n
=008  160317s2016\\\\nju\\\\\o\\\\\\00\0\eng\d
=010  \\$z  2015021869
=020  \\$a9780813574653
=020  \\$z0813574625
=020  \\$z081357465X
=020  \\$z9780813574639
=035  \\$a(OCoLC)944961549
=040  \\$aMdBmJHUP$cMdBmJHUP
=100  1\$aMonroe, Kristin V.,$eauthor.
=245  14$aThe Insecure City : $bSpace, Power, and Mobility in Beirut / $cKristin V. Monroe.
=264  \1$aNew Brunswick, New Jersey :$bRutgers University Press,$c[2016]
=264  \3$aBaltimore, Md. :$bProject MUSE, $c2016
=264  \4$c&copy;[2016]
=300  \\$a1 online resource (192 pages).
=336  \\$atext$btxt$2rdacontent
=337  \\$acomputer$bc$2rdamedia
=338  \\$aonline resource$bcr$2rdacarrier
=505  0\$aIntroduction: exploring mobility in Beirut -- The privatized city -- The space of war -- Politics and public space -- Securing Beirut -- The "chaos" of driving -- "There is no state."
=506  0\$aOpen Access$fUnrestricted online access$2star
=520  3\$aUrban anthropologist Kristin Monroe takes urban anthropology in a new and meaningful direction--the story of traffic in the Middle East, focusing on Beirut. As bombs reappeared recently following an impasse between competing political groups and their international backers, residents of the city were forced to contend with many forms of insecurity, forging their lives amid a contentious, often violent, political and economic landscape. Images and headlines in the news media tracked the dramatic events that characterized this unstable situation, but they did not provide a picture of what ordinary life was like for urban dwellers in a city terrorized by political sectarianism and the treat of bombs. The Insecure City is an ethnographic exploration of the experiences of moving through Beirut. Driving is characterized by precariousness, the anticipation of violence, and the constant presence of class, political, and state power. Focusing on the relationship between urban space and social class, Monroe examines how understandings and practices of spatial mobility in the city reflect social differences. Residents' access to and experiences of space are framed by uneven and insecure forms of urban citizenship. She highlights the ways in which transportation is about more than merely getting somewhere; it is also about how people encounter civic culture in a city on the edge, wounded by war. Traffic may seem to be an incidental topic for an anthropologist, but as we know in New Jersey it is central to our lives.
=546  \\$aEnglish.
=588  \\$aDescription based on print version record.
=650  \7$aViolence.$2fast$0(OCoLC)fst01167224
=650  \7$aUrban anthropology.$2fast$0(OCoLC)fst01162365
=650  \7$aSociology, Urban.$2fast$0(OCoLC)fst01123961
=650  \7$aSocial conditions.$2fast$0(OCoLC)fst01919811
=650  \7$aPublic spaces.$2fast$0(OCoLC)fst01083049
=650  \7$aCity traffic.$2fast$0(OCoLC)fst00862297
=650  \7$aSOCIAL SCIENCE$xAnthropology$xCultural.$2bisacsh
=650  \7$aSOCIAL SCIENCE/Sociology/Urban.$2bisacsh
=650  \6$aAnthropologie urbaine$zLiban$zBeyrouth.
=650  \6$aViolence$zLiban$zBeyrouth.
=650  \6$aCirculation urbaine$zLiban$zBeyrouth.
=650  \6$aEspaces publics$zLiban$zBeyrouth.
=650  \6$aSociologie urbaine$zLiban$zBeyrouth.
=650  \0$aUrban anthropology$zLebanon$zBeirut.
=650  \0$aViolence$zLebanon$zBeirut.
=650  \0$aCity traffic$zLebanon$zBeirut.
=650  \0$aPublic spaces$zLebanon$zBeirut.
=650  \0$aSociology, Urban$zLebanon$zBeirut.
=651  \7$aLebanon$zBeirut.$2fast$0(OCoLC)fst01225260
=651  \0$aBeirut (Lebanon)$xSocial conditions.
=655  \7$aElectronic books. $2local
=710  2\$aProject Muse.$edistributor
=830  \0$aBook collections on Project MUSE.
=856  40$zFull text available: $uhttps://muse.jhu.edu/book/45055/
=945  \\$aProject MUSE - 2016 Middle Eastern Studies
=945  \\$aProject MUSE - 2016 Complete
=945  \\$aProject MUSE - 2016 Political Science and Policy Studies

