=LDR  05868cam a22007694a 4500
=001  musev2_45093
=003  MdBmJHUP
=005  20241011121705.0
=006  m\\\\\o\\d\\\\\\\\
=007  cr||||||||nn|n
=008  160322t20162016cou\\\\\o\\\\\\00\0\eng\d
=010  \\$z  2015010767
=020  \\$a9781607324164
=020  \\$z9781607324157
=020  \\$z9781646420797
=035  \\$a(OCoLC)945563527
=040  \\$aMdBmJHUP$cMdBmJHUP
=245  00$aPolitical Strategies in Pre-Columbian Mesoamerica / $cedited by Sarah Kurnick and Joanne Baron.
=264  \1$aBoulder :$bUniversity Press of Colorado,$c2016.
=264  \3$aBaltimore, Md. :$bProject MUSE, $c2016
=264  \4$c&copy;2016.
=300  \\$a1 online resource (288 pages): $billustrations
=336  \\$atext$btxt$2rdacontent
=337  \\$acomputer$bc$2rdamedia
=338  \\$aonline resource$bcr$2rdacarrier
=505  00$tParadoxical politics : negotiating the contraditions of political authority /$rSarah Kurnick --$tTheories of power and legitimacy in archaeological contexts : the emergent regime of power at the formative Maya community of Ceibal, Guatemala /$rTakeshi Inomata --$tNegotiating political authority and community in terminal formative coastal Oaxaca /$rArthur A. Joyce$g[and four others] --$tConflicting political strategies in late formative to early classic central Jalisco /$rChristopher S. Beekman --$tPatron deities and politics among the classic Maya /$rJoanne Baron --$tEntangled political strategies : rulership, bureaucracy, and intermediate elites at Teotihuacan /$rTatsuya Murakami --$tLandscapes, lordships, and sovereignty in Mesoamerica /$rBryce Davenport,$rCharles Golden --$tRuling "Purepecha Chichimeca" in a Tarascan world /$rHelen Perlstein Pollard --$tReflections on the archaeopolitical : pursuing the universal within a unity of opposites /$rSimon Martin --$gList of contributors -- Index.
=506  0\$aOpen Access$fUnrestricted online access$2star
=520  2\$a"Political authority contains an inherent contradiction. Rulers must reinforce social inequality and bolster their own unique position at the top of the sociopolitical hierarchy, yet simultaneously emphasize social similarities and the commonalities shared by all. Political Strategies in Pre-Columbian Mesoamerica explores the different and complex ways that those who exercised authority in the region confronted this contradiction. New data from a variety of well-known scholars in Mesoamerican archaeology reveal the creation, perpetuation, and contestation of politically authoritative relationships between rulers and subjects and between nobles and commoners. The contributions span the geographic breadth and temporal extent of pre-Columbian Mesoamerica--from Preclassic Oaxaca to the Classic Peten region of Guatemala to the Postclassic Michoacan--and the contributors weave together archaeological, epigraphic, and ethnohistoric data. Grappling with the questions of how those exercising authority convince others to follow and why individuals often choose to recognize and comply with authority, Political Strategies in Pre-Columbian Mesoamerica discusses why the study of political authority is both timely and significant, reviews how scholars have historically understood the operation of political authority, and proposes a new analytical framework to understand how rulers rule. Contributors include Sarah B. Barber, Joanne Baron, Christopher S. Beekman, Jeffrey Brzezinski, Bryce Davenport, Charles Golden, Takeshi Inomata, Arthur A. Joyce, Sarah Kurnick, Carlo J. Lucido, Simon Martin, Tatsuya Murakami, Helen Perlstein Pollard, and Victor Salazar Chavez"--$cProvided by publisher.
=546  \\$aEnglish.
=588  \\$aDescription based on print version record.
=650  \7$aSocial archaeology.$2fast$0(OCoLC)fst01122274
=650  \7$aIndians of Mexico$xPolitics and government.$2fast$0(OCoLC)fst00969609
=650  \7$aIndians of Mexico$xAntiquities.$2fast$0(OCoLC)fst00969517
=650  \7$aIndians of Central America$xPolitics and government.$2fast$0(OCoLC)fst00969494
=650  \7$aIndians of Central America$xAntiquities.$2fast$0(OCoLC)fst00969435
=650  \7$aEthnoarchaeology.$2fast$0(OCoLC)fst00916070
=650  \7$aSOCIAL SCIENCE$xGeneral.$2bisacsh
=650  \7$aHISTORY$zLatin America$zMexico.$2bisacsh
=650  \7$aSOCIAL SCIENCE$xArchaeology.$2bisacsh
=650  \7$aPrehistoric archaeology.$2bicssc
=650  \6$aEthnoarcheologie$zAmerique centrale.
=650  \6$aEthnoarcheologie$zMexique.
=650  \6$aArcheologie sociale$zAmerique centrale.
=650  \6$aArcheologie sociale$zMexique.
=650  \6$aIndiens d'Amerique$zMexique$xAntiquites.
=650  \0$aEthnoarchaeology$zCentral America.
=650  \0$aEthnoarchaeology$zMexico.
=650  \0$aSocial archaeology$zCentral America.
=650  \0$aSocial archaeology$zMexico.
=650  \0$aAuthority$xPolitical aspects$zCentral America$xHistory$yTo 1500.
=650  \0$aAuthority$xPolitical aspects$zMexico$xHistory$yTo 1500.
=650  \0$aIndians of Central America$xPolitics and government.
=650  \0$aIndians of Mexico$xPolitics and government.
=650  \0$aIndians of Central America$xAntiquities.
=650  \0$aIndians of Mexico$xAntiquities.
=651  \7$aMexico.$2fast$0(OCoLC)fst01211700
=651  \7$aCentral America.$2fast$0(OCoLC)fst01244535
=655  \7$aHistory.$2fast$0(OCoLC)fst01411628
=655  \7$aElectronic books. $2local
=700  1\$aBaron, Joanne,$eeditor.
=700  1\$aKurnick, Sarah,$eeditor.
=773  0\$tOAPEN (Open Access Publishing in European Networks).$dOAPEN
=710  2\$aProject Muse.$edistributor
=830  \0$aBook collections on Project MUSE.
=856  40$zFull text available: $uhttps://muse.jhu.edu/book/45093/
=945  \\$aProject MUSE - 2016 Archaeology and Anthropology
=945  \\$aProject MUSE - 2016 Complete

