=LDR  03663cam a22005654a 4500
=001  musev2_42618
=003  MdBmJHUP
=005  20241011114722.0
=006  m\\\\\o\\d\\\\\\\\
=007  cr||||||||nn|n
=008  150511t20152015miu\\\\\o\\\\\\00\0\eng\d
=010  \\$z  2020707303
=020  \\$a9780472900077
=020  \\$z9780472052806
=020  \\$z9780472072804
=020  \\$z9780472121335
=035  \\$a(OCoLC)1049856852
=040  \\$aMdBmJHUP$cMdBmJHUP
=100  1\$aRidolfo, Jim,$d1979-$eauthor.
=245  10$aDigital Samaritans : $bRhetorical Delivery and Engagement in the Digital Humanities / $cJim Ridolfo.
=264  \1$aAnn Arbor :$bUniversity of Michigan Press,$c[2015]
=264  \3$aBaltimore, Md. :$bProject MUSE, $c2018
=264  \4$c&copy;[2015]
=300  \\$a1 online resource (216 pages).
=336  \\$atext$btxt$2rdacontent
=337  \\$acomputer$bc$2rdamedia
=338  \\$aonline resource$bcr$2rdacarrier
=490  0\$aDigital rhetoric collaborative
=505  0\$aIntroduction to digital Samaritans -- Between the raindrops and two fires: a brief history of the Samaritans and their diaspora of manuscripts -- From parchment to bytes: digital delivery as a rhetorical strategy -- Leveraging textual diaspora: rhetoric and the digital humanities as engaged scholarship -- The Good Samaritan: at the crossroads of rhetoric and the digital humanities.
=506  0\$aOpen Access$fUnrestricted online access$2star
=520  \\$aDigital Samaritans explores rhetorical delivery and cultural sovereignty in the digital humanities. The exigence for the book is rooted in a practical digital humanities project based on the digitization of manuscripts in diaspora for the Samaritan community, the smallest religious/ethnic group of 770 Samaritans split between Mount Gerizim in the Palestinian Authority and in Holon, Israel. Based on interviews with members of the Samaritan community and archival research, Digital Samaritans explores what some Samaritans want from their diaspora of manuscripts, and how their rhetorical goals and objectives relate to the contemporary existential and rhetorical situation of the Samaritans as a living, breathing people. How does the circulation of Samaritan manuscripts, especially in digital environments, relate to their rhetorical circumstances and future goals and objectives to communicate their unique cultural history and religious identity to their neighbors and the world? Digital Samaritans takes up these questions and more as it presents a case for collaboration and engaged scholarship situated at the intersection of rhetorical studies and the digital humanities.
=546  \\$aEnglish.
=588  \\$aDescription based on print version record.
=650  \7$aSamaritans$xHistoriography.$2fast$0(OCoLC)fst01104506
=650  \7$aLibrary materials$xDigitization.$2fast$0(OCoLC)fst00997814
=650  \7$aLearning and scholarship$xTechnological innovations.$2fast$0(OCoLC)fst00994883
=650  \7$aRELIGION$xGeneral.$2bisacsh
=650  \7$aRELIGION$xJudaism$xGeneral.$2bisacsh
=650  \6$aDocuments de bibliotheque$xNumerisation.
=650  \6$aSavoir et erudition$xInnovations.
=650  \6$aSamaritains$xHistoriographie.
=650  \0$aLibrary materials$xDigitization.
=650  \0$aLearning and scholarship$xTechnological innovations.
=650  \0$aSamaritans$xHistoriography.
=600  17$aTsedaka, Benyamim.$2fast$0(OCoLC)fst01994592
=600  10$aTsedaka, Benyamim.
=655  \7$aElectronic books. $2local
=710  2\$aProject Muse.$edistributor
=830  \0$aBook collections on Project MUSE.
=856  40$zFull text available: $uhttps://muse.jhu.edu/book/42618/

