=LDR  03641cam a22005654a 4500
=001  musev2_42619
=003  MdBmJHUP
=005  20241011114723.0
=006  m\\\\\o\\d\\\\\\\\
=007  cr||||||||nn|n
=008  150605s2015\\\\miu\\\\\o\\\\\\00\0\eng\d
=010  \\$z  2020707443
=020  \\$a9780472900084
=020  \\$z9780472052738
=020  \\$z9780472121236
=020  \\$z9780472072736
=035  \\$a(OCoLC)925397539
=040  \\$aMdBmJHUP$cMdBmJHUP
=100  1\$aBrown, James J.,$cJr.,$eauthor.
=245  10$aEthical Programs : $bHospitality and the Rhetorics of Software / $cJames J. Brown Jr.
=264  \1$aAnn Arbor :$bUniversity of Michigan Press,$c[2015]
=264  \3$aBaltimore, Md. :$bProject MUSE, $c2018
=264  \4$c&copy;[2015]
=300  \\$a1 online resource (230 pages).
=336  \\$atext$btxt$2rdacontent
=337  \\$acomputer$bc$2rdamedia
=338  \\$aonline resource$bcr$2rdacarrier
=490  0\$aDigital humanities
=505  0\$aCover -- Title Page -- Copyright Page -- Dedication -- Contents -- Introduction: The Swarm -- 1 Web Hosting: Hospitality and Ethical Programs -- Part 1 Hospitable Networks -- 2 Processing Power: Procedural Rhetoric and Protocol -- 3 Possibility Spaces: Exploits and Persuasion -- Part 2 Hospitable Databases -- 4 Database Integrity: Ethos and the Archive -- 5 Rhetorical Devices: Database, Narrative, and Machinic Thinking -- Conclusion: About, With, In?Hospitality and the Rhetorics of Software -- Notes -- Bibliography -- Index
=506  0\$aOpen Access$fUnrestricted online access$2star
=520  \\$aAuthor(s)Brown, JamesLanguageEnglishShow full item recordLiving in a networked world means never really getting to decide in any thoroughgoing way who or what enters your "space" (your laptop, your iPhone, your thermostat ... your home). With this as a basic frame-of-reference, James J. Brown's Ethical Programs examines and explores the rhetorical potential and problems of a hospitality ethos suited to a new era of hosts and guests. Brown reads a range of computational strategies and actors, from the general principles underwriting the Transmission Control Protocol (TCP), which determines how packets of information can travel through the internet, to the Obama election campaign's use of the power of protocols to reach voters, harvest their data, incentivize and, ultimately, shape their participation in the campaign. In demonstrating the kind of rhetorical spaces networked software establishes and the access it permits, prevents, and molds, Brown makes a significant contribution to the emergent discourse of software studies as a major component of efforts in broad fields including media studies, rhetorical studies, and cultural studies
=546  \\$aEnglish.
=588  \\$aDescription based on print version record.
=650  \7$aInternet$xMoral and ethical aspects$2fast$0(OCoLC)fst01766714
=650  \7$aFreedom of information$2fast$0(OCoLC)fst00934017
=650  \7$aSOCIAL SCIENCE$xGeneral.$2bisacsh
=650  \7$aBUSINESS & ECONOMICS$xBusiness Ethics.$2bisacsh
=650  \6$aLiberte d'information.
=650  \6$aLogiciels$xAspect social.
=650  \6$aInternet$xAspect moral.
=650  \2$aAccess to Information
=650  \0$aFreedom of information.
=650  \0$aDatabases$xSocial aspects.
=650  \0$aComputer software$xSocial aspects.
=650  \0$aInternet$xMoral and ethical aspects.
=655  04$bElectronic books.
=655  \7$aElectronic books. $2local
=710  2\$aProject Muse.$edistributor
=830  \0$aBook collections on Project MUSE.
=856  40$zFull text available: $uhttps://muse.jhu.edu/book/42619/

