=LDR  04697cam a22007814a 4500
=001  musev2_42621
=003  MdBmJHUP
=005  20241011114725.0
=006  m\\\\\o\\d\\\\\\\\
=007  cr||||||||nn|n
=008  151006s2015\\\\miu\\\\\o\\\\\\00\0\eng\d
=010  \\$z  2020707328
=020  \\$a9780472900091
=020  \\$z9780472121267
=020  \\$z9780472072750
=020  \\$z9780472052752
=035  \\$a(OCoLC)1049859971
=040  \\$aMdBmJHUP$cMdBmJHUP
=100  1\$aGailey, Amanda A.,$eauthor.
=245  10$aProofs of Genius : $bCollected Editions from the American Revolution to the Digital Age / $cAmanda Gailey.
=264  \1$aAnn Arbor :$bUniversity of Michigan Press,$c[2015]
=264  \3$aBaltimore, Md. :$bProject MUSE, $c2018
=264  \4$c©[2015]
=300  \\$a1 online resource (184 pages).
=336  \\$atext$btxt$2rdacontent
=337  \\$acomputer$bc$2rdamedia
=338  \\$aonline resource$bcr$2rdacarrier
=490  0\$aEditorial theory and literary criticism
=505  0\$aAmerica collecting itself : national identity and intellectual property in the Early Republic -- Dickinson's remains -- Whitman's shrines -- Cold War editing and the rise of the "American literature industry" -- The death of the author has been greatly exaggerated.
=506  0\$aOpen Access$fUnrestricted online access$2star
=520  \\$a"Proofs of Genius: Collected Editions from the American Revolution to the Digital Age is the first extensive study of the collected edition as an editorial genre within American literary history. Unlike editions of an author's "selected works" or thematic anthologies, which clearly indicate the presence of non-authorial editorial intervention, collected editions have typically been arranged to imply an unmediated documentary completeness. By design, the collected edition obscures its own role in shaping the cultural reception of the author. In Proofs of Genius, Amanda Gailey argues that decisions to re-edit major authorial corpora are acts of canon-formation in miniature that indicate more foundational shifts in the way a culture views its literature and itself. By combining a theoretically-informed approach with a broad historical view of collected editions from the late eighteenth century to the present (including the rise of digital editions), Gailey fills a gap in the textual scholarship of the editing history of major figures like Emily Dickinson and Walt Whitman and of the American literary canon itself"--$cProvided by publisher
=588  \\$aDescription based on print version record.
=650  \7$aLiterature publishing.$2fast$0(OCoLC)fst01000111
=650  \7$aEditions.$2fast$0(OCoLC)fst00902462
=650  \7$aEditing.$2fast$0(OCoLC)fst00902451
=650  \7$aCanon (Literature)$2fast$0(OCoLC)fst00845906
=650  \7$aAuthorship.$2fast$0(OCoLC)fst00822442
=650  \7$aArt appreciation.$2fast$0(OCoLC)fst00815447
=650  \7$aAmerican literature$xAppreciation.$2fast$0(OCoLC)fst00807120
=650  \7$aLITERARY CRITICISM$xSemiotics & Theory.$2bisacsh
=650  \7$aLiterature: history & criticism.$2bicssc
=650  \7$aLiterary theory.$2bicssc
=650  \6$aArt d'ecrire$xHistoire.
=650  \6$aChefs-d'oeuvre (Litterature)
=650  \6$aÉdition$xHistoire.
=650  \6$aÉditions$zÉtats-Unis$xHistoire.
=650  \6$aLitterature$xÉdition$zÉtats-Unis$xHistoire$y20e siecle.
=650  \6$aLitterature$xÉdition$zÉtats-Unis$xHistoire$y19e siecle.
=650  \6$aLitterature americaine$xAppreciation$zÉtats-Unis$xHistoire$y20e siecle.
=650  \6$aLitterature americaine$xAppreciation$zÉtats-Unis$xHistoire$y19e siecle.
=650  \0$aAuthorship$xHistory.
=650  \0$aCanon (Literature)
=650  \0$aEditing$xHistory.
=650  \0$aEditions$zUnited States$xHistory.
=650  \0$aLiterature publishing$zUnited States$xHistory$y20th century.
=650  \0$aLiterature publishing$zUnited States$xHistory$y19th century.
=650  \0$aAmerican literature$xAppreciation$zUnited States$xHistory$y20th century.
=650  \0$aAmerican literature$xAppreciation$zUnited States$xHistory$y19th century.
=600  17$aWhitman, Walt,$d1819-1892.$2fast$0(OCoLC)fst00039575
=600  17$aDickinson, Emily,$d1830-1886.$2fast$0(OCoLC)fst00035276
=600  10$aWhitman, Walt,$d1819-1892$xAppreciation.
=600  10$aDickinson, Emily,$d1830-1886$xAppreciation.
=651  \7$aUnited States.$2fast$0(OCoLC)fst01204155
=655  \7$aHistory.$2fast$0(OCoLC)fst01411628
=655  \7$aElectronic books. $2local
=710  2\$aProject Muse.$edistributor
=830  \0$aBook collections on Project MUSE.
=856  40$zFull text available: $uhttps://muse.jhu.edu/book/42621/

