=LDR  03270cam a22006254a 4500
=001  musev2_42622
=003  MdBmJHUP
=005  20241011114725.0
=006  m\\\\\o\\d\\\\\\\\
=007  cr||||||||nn|n
=008  181005s2015\\\\miu\\\\\o\\\\\\00\0\eng\d
=010  \\$z  2020707365
=020  \\$a9780472900107
=020  \\$z9780472052691
=020  \\$z9780472072699
=020  \\$z9780472121144
=035  \\$a(OCoLC)1049859900
=040  \\$aMdBmJHUP$cMdBmJHUP
=100  1\$aRuggill, Judd Ethan.
=245  10$aTempest : $bGeometries of Play / $cJudd Ethan Ruggill and Ken S. McAllister.
=264  \1$aAnn Arbor :$bUniversity of Michigan Press,$c2015.
=264  \3$aBaltimore, Md. :$bProject MUSE, $c2018
=264  \4$c©2015.
=300  \\$a1 online resource (166 pages).
=336  \\$atext$btxt$2rdacontent
=337  \\$acomputer$bc$2rdamedia
=338  \\$aonline resource$bcr$2rdacarrier
=490  0\$aLandmark video games
=505  0\$aReading Tempest -- A genealogy of Tempest -- Contexts -- Life after Tempest.
=506  0\$aOpen Access$fUnrestricted online access$2star
=520  \\$a"Atari's 1981 arcade hit Tempest was a "tube shooter" built around glowing, vector-based geometric shapes. Among its many important contributions to both game and cultural history, Tempest was one of the first commercial titles to allow players to choose the game's initial play difficulty (a system Atari dubbed "SkillStep"), a feature that has since became standard for games of all types. Tempest was also one of the most aesthetically impactful games of the twentieth century, lending its crisp, vector aesthetic to many subsequent movies, television shows, and video games. In this book, Ruggill and McAllister enumerate and analyze Tempest's landmark qualities, exploring the game's aesthetics, development context, and connections to and impact on video game history and culture. By describing the game in technical, historical, and ludic detail, they unpack the game's latent and manifest audio-visual iconography and the ideological meanings this iconography evokes."--Publisher's description
=588  \\$aDescription based on print version record.
=650  \7$aDesign$2gnd
=650  \7$aÄsthetik$2gnd
=650  \7$aVideospiel$2gnd
=650  \7$aVideo games$xSocial aspects.$2fast$0(OCoLC)fst01166440
=650  \7$aVideo games$xDesign.$2fast$0(OCoLC)fst01166425
=650  \7$aTempest (Video game)$2fast$0(OCoLC)fst01923140
=650  \7$aCOMPUTERS$xGeneral.$2bisacsh
=650  \7$aInformation technology: general issues.$2bicssc
=650  \7$aDigital video: professional.$2bicssc
=650  \6$aJeux video$xAspect social$zÉtats-Unis.
=650  \6$aJeux video$xConception$xHistoire.
=650  \6$aTempest (Jeu)
=650  \0$aVideo games$xSocial aspects$zUnited States.
=650  \0$aVideo games$xDesign$xHistory.
=650  \0$aTempest (Video game)
=651  \7$aUnited States.$2fast$0(OCoLC)fst01204155
=655  \7$aHistory.$2lcgft
=655  \7$aHistory.$2fast$0(OCoLC)fst01411628
=655  \7$aElectronic books. $2local
=700  1\$aMcAllister, Ken S.,$d1966-
=710  2\$aProject Muse.$edistributor
=830  \0$aBook collections on Project MUSE.
=856  40$zFull text available: $uhttps://muse.jhu.edu/book/42622/

