=LDR  04884cam a22007334a 4500
=001  musev2_43565
=003  MdBmJHUP
=005  20241011115829.0
=006  m\\\\\o\\d\\\\\\\\
=007  cr||||||||nn|n
=008  140402s2014\\\\nyu\\\\\o\\\\\\00\0\eng\d
=010  \\$z  2019721512
=020  \\$a9780801455063
=020  \\$z9780801479908
=020  \\$z9780801455056
=020  \\$z9780801453182
=035  \\$a(OCoLC)966854752
=040  \\$aMdBmJHUP$cMdBmJHUP
=100  1\$aRathbun, Brian C.,$d1973-$eauthor.
=245  10$aDiplomacy's Value : $bCreating Security in 1920s Europe and the Contemporary Middle East / $cBrian C. Rathbun.
=264  \1$aIthaca :$bCornell University Press,$c2014.
=264  \3$aBaltimore, Md. :$bProject MUSE, $c2017
=264  \4$c©2014.
=300  \\$a1 online resource (280 pages).
=336  \\$atext$btxt$2rdacontent
=337  \\$acomputer$bc$2rdamedia
=338  \\$aonline resource$bcr$2rdacarrier
=490  0\$aCornell studies in security affairs
=505  0\$aThe value and values of diplomacy -- Creating value: a psychological theory of diplomacy -- Tabling the issue: two Franco-British failures of diplomacy -- Setting the table: German reassurance, British brokering and French understanding -- Getting to the table: the diplomatic perils of the exchange of notes -- Cards on the table: the negotiation of the treaty of mutual guarantee and the spirit of Locarno -- Turning the tables: reparations, early evacuation and the Hague conference -- Additional value: the rise and fall of the Israeli-Palestinian peace process -- Searching for Stresemann: the lessons of the 1920s for diplomacy and the Middle East peace process.
=506  0\$aOpen Access$fUnrestricted online access$2star
=520  \\$aWhat is the value of diplomacy? How does it affect the course of foreign affairs independent of the distribution of power and foreign policy interests? Theories of international relations too often implicitly reduce the dynamics and outcomes of diplomacy to structural factors rather than the subtle qualities of negotiation. If diplomacy is an independent effect on the conduct of world politics, it has to add value, and we have to be able to show what that value is. In Diplomacy's Value, Brian C. Rathbun sets forth a comprehensive theory of diplomacy, based on his understanding that political leaders have distinct diplomatic styles--coercive bargaining, reasoned dialogue, and pragmatic statecraft. Drawing on work in the psychology of negotiation, Rathbun explains how diplomatic styles are a function of the psychological attributes of leaders and the party coalitions they represent. The combination of these styles creates a certain spirit of negotiation that facilitates or obstructs agreement. Rathbun applies the argument to relations among France, Germany, and Great Britain during the 1920s as well as Palestinian-Israeli negotiations since the 1990s. His analysis, based on an intensive analysis of primary documents, shows how different diplomatic styles can successfully resolve apparently intractable dilemmas and equally, how they can thwart agreements that were seemingly within reach.
=546  \\$aIn English.
=588  \\$aDescription based on print version record.
=650  \7$aNahostkonflikt$2gnd
=650  \7$aFriedensbemühung$2gnd$0(DE-588)4159499-2
=650  \7$aDiplomatie$2gnd
=650  \7$aDiplomacy.$2fast$0(OCoLC)fst00894188
=650  \7$aArab-Israeli conflict$xPeace.$2fast$0(OCoLC)fst00812230
=650  \7$aPOLITICAL SCIENCE$xHistory & Theory.$2bisacsh
=650  \7$aPOLITICAL SCIENCE$xInternational Relations$vGeneral.$2bisacsh
=650  \7$aHISTORY$xModern$y20th Century.$2bisacsh
=650  \7$aPOLITICAL SCIENCE$xInternational Relations$xGeneral.$2bisacsh
=650  \7$aPOLITICAL SCIENCE$xGovernment$xInternational.$2bisacsh
=650  \7$aSociety and social sciences Society and social sciences.$2bicssc
=650  \7$aPolitics and government.$2bicssc
=650  \7$aInternational relations.$2bicssc
=650  \7$aDiplomacy.$2bicssc
=650  \7$adiplomacy.$2aat
=650  \6$aConflit israelo-arabe$y1993-$xPaix.
=650  \6$aDiplomatie.
=650  \0$aArab-Israeli conflict$y1993-$xPeace.
=650  \0$aDiplomacy.
=651  \7$aEurope.$2fast$0(OCoLC)fst01245064
=651  \6$aEurope$xHistoire$y1918-1945.
=651  \0$aEurope$xHistory$y1918-1945.
=630  07$aEuropa$2gnd
=655  \7$aHistory.$2fast$0(OCoLC)fst01411628
=655  \7$aElectronic books. $2local
=710  2\$aProject Muse.$edistributor
=830  \0$aBook collections on Project MUSE.
=856  40$zFull text available: $uhttps://muse.jhu.edu/book/43565/
=945  \\$aProject MUSE - Archive Middle Eastern Studies Supplement II
=945  \\$aProject MUSE - Archive Complete Supplement V
=945  \\$aProject MUSE - Archive Political Science and Policy Studies Supplement V

