=LDR  03015cam a22005534a 4500
=001  musev2_43572
=003  MdBmJHUP
=005  20241011115833.0
=006  m\\\\\o\\d\\\\\\\\
=007  cr||||||||nn|n
=008  130204s2013\\\\nyu\\\\\o\\\\\\00\0\eng\d
=010  \\$z  2019724581
=020  \\$a9780801469244
=020  \\$z9780801451898
=020  \\$z0801469244
=020  \\$z0801451892
=035  \\$a(OCoLC)966859799
=040  \\$aMdBmJHUP$cMdBmJHUP
=100  1\$aHilgert, Jeffrey,$d1974-$eauthor.
=245  10$aHazard or Hardship : $bCrafting Global Norms on the Right to Refuse Unsafe Work / $cJeffrey Hilgert.
=264  \1$aIthaca :$bILR Press, an imprint of Cornell University Press,$c[2013]
=264  \3$aBaltimore, Md. :$bProject MUSE, $c2017
=264  \4$c&copy;[2013]
=300  \\$a1 online resource (224 pages).
=336  \\$atext$btxt$2rdacontent
=337  \\$acomputer$bc$2rdamedia
=338  \\$aonline resource$bcr$2rdacarrier
=505  0\$aIntroduction: commodified workers and the international response -- 1. Human rights and the struggle to define hazards -- 2. Theoretical perspectives on individual employment rights -- 3. The right to refuse in international labor law -- 4. How effective are convention 155 refusal rights? -- 5. Ideological origins of the global framework -- 6. Negotiating "safe" rights versus seeking social justice -- Conclusion: the future of labor rights in the working environment.
=506  0\$aOpen Access$fUnrestricted online access$2star
=520  8\$aToday, hazardous work kills 2.3 million people each year and injures millions more. Among the most compelling yet controversial forms of legal protection for workers is the right to refuse unsafe work. The rise of globalization, precarious work, neoliberal politics, attacks on unions, and the idea of individual employment rights have challenged the protection of occupational health and safety for workers worldwide. This book presents the protection of refusal rights as a moral and a human rights question.
=546  \\$aEnglish.
=588  \\$aDescription based on print version record.
=650  \7$aArbeitssicherheit$2gnd
=650  \7$aInternationales Arbeitsrecht$2gnd
=650  \7$aLabor laws and legislation.$2fast$0(OCoLC)fst00989967
=650  \7$aIndustrial safety$xLaw and legislation.$2fast$0(OCoLC)fst00971688
=650  \7$aEmployee rights.$2fast$0(OCoLC)fst00909055
=650  \7$aLAW$xPublic.$2bisacsh
=650  \7$aLAW$xConstitutional.$2bisacsh
=650  \7$aLAW$xLabor & Employment.$2bisacsh
=650  \0$aLabor laws and legislation.
=650  \0$aEmployee rights.
=650  \0$aIndustrial safety$xLaw and legislation.
=655  \7$aElectronic books. $2local
=710  2\$aProject Muse.$edistributor
=830  \0$aBook collections on Project MUSE.
=856  40$zFull text available: $uhttps://muse.jhu.edu/book/43572/
=945  \\$aProject MUSE - Archive Complete Supplement V
=945  \\$aProject MUSE - Archive Political Science and Policy Studies Supplement V

