=LDR  03992cam a22008774a 4500
=001  musev2_43573
=003  MdBmJHUP
=005  20241011115834.0
=006  m\\\\\o\\d\\\\\\\\
=007  cr||||||||nn|n
=008  130306s2013\\\\nyu\\\\\o\\\\\\00\0\eng\d
=020  \\$a9780801467691
=020  \\$z9780801467684
=020  \\$z9780801478598
=020  \\$z9780801451645
=035  \\$a(OCoLC)829387586
=040  \\$aMdBmJHUP$cMdBmJHUP
=100  1\$aKimura, Aya Hirata,$d1974-
=245  10$aHidden Hunger : $bGender and the Politics of Smarter Foods / $cAya Hirata Kimura.
=264  \1$aIthaca :$bCornell University Press,$c2013.
=264  \3$aBaltimore, Md. :$bProject MUSE, $c2017
=264  \4$c&copy;2013.
=300  \\$a1 online resource (240 pages).
=336  \\$atext$btxt$2rdacontent
=337  \\$acomputer$bc$2rdamedia
=338  \\$aonline resource$bcr$2rdacarrier
=505  0\$aUncovering hidden hunger -- Charismatic nutrients -- Solving hidden hunger with fortified food -- Bound by the global and national : Indonesia's changing food policies -- Building a healthy Indonesia with flour, MSG, and instant noodles -- Smart baby food : participating in the market from the cradle -- Creating needs for golden rice.
=506  0\$aOpen Access$fUnrestricted online access$2star
=520  0\$aUncovering hidden hunger -- Charismatic nutrients -- Solving hidden hunger with fortified food -- Bound by the global and national : Indonesia's changing food policies -- Building a healthy Indonesia with flour, MSG, and instant noodles -- Smart baby food : participating in the market from the cradle -- Creating needs for golden rice.
=546  \\$aIn English.
=588  \\$aDescription based on print version record.
=650  \7$aWomen$xNutrition.$2fast$0(OCoLC)fst01176865
=650  \7$aNutrition policy.$2fast$0(OCoLC)fst01042296
=650  \7$aMalnutrition$xPrevention.$2fast$0(OCoLC)fst01006787
=650  \7$aEnriched foods.$2fast$0(OCoLC)fst00912556
=650  \7$aTrace elements in nutrition.$2fast$0(OCoLC)fst01153553
=650  \7$aFood supply.$2fast$0(OCoLC)fst00931196
=650  \7$aSOCIAL SCIENCE$xWomen's Studies.$2bisacsh
=650  \7$aPOLITICAL SCIENCE$xPublic Policy$xSocial Services & Welfare.$2bisacsh
=650  \7$aPOLITICAL SCIENCE$xPublic Policy$xSocial Security.$2bisacsh
=650  \7$aTECHNOLOGY & ENGINEERING$xFood Science.$2bisacsh
=650  \7$aSociety and social sciences Society and social sciences.$2bicssc
=650  \7$aSociety and culture : general.$2bicssc
=650  \7$aFood and society.$2bicssc
=650  \7$aCultural studies.$2bicssc
=650  \6$aAliments enrichis.
=650  \6$aAliments$xApprovisionnement.
=650  \6$aPolitique alimentaire.
=650  \6$aHabitudes alimentaires$xAspect politique$zIndonesie.
=650  \6$aOligoelements dans l'alimentation.
=650  \6$aAliments enrichis$zIndonesie.
=650  \6$aFemmes$xAlimentation$zIndonesie.
=650  \6$aPolitique alimentaire$zIndonesie.
=650  22$aSocioeconomic Factors
=650  22$aMalnutrition$xprevention & control
=650  22$aFood, Fortified
=650  22$aFood Supply
=650  22$aFood Assistance
=650  12$aNutrition Policy
=650  \0$aEnriched foods.
=650  \0$aFood supply.
=650  \0$aNutrition policy.
=650  \0$aFood habits$xPolitical aspects$zIndonesia.
=650  \0$aTrace elements in nutrition.
=650  \0$aEnriched foods$zIndonesia.
=650  \0$aMalnutrition$zIndonesia$xPrevention.
=650  \0$aWomen$xNutrition$zIndonesia.
=650  \0$aNutrition policy$zIndonesia.
=651  \7$aIndonesia.$2fast$0(OCoLC)fst01209242
=651  \2$aIndonesia
=655  \7$aElectronic books. $2local
=710  2\$aProject Muse.$edistributor
=830  \0$aBook collections on Project MUSE.
=856  40$zFull text available: $uhttps://muse.jhu.edu/book/43573/
=945  \\$aProject MUSE - Archive Complete Supplement V
=945  \\$aProject MUSE - Archive Global Cultural Studies Supplement V

