=LDR  04824cam a22006854a 4500
=001  musev2_43578
=003  MdBmJHUP
=005  20241011115837.0
=006  m\\\\\o\\d\\\\\\\\
=007  cr||||||||nn|n
=008  130405s2013\\\\nyu\\\\\o\\\\\\00\0\eng\d
=020  \\$a9780801468179
=020  \\$z9780801451867
=020  \\$z0801468175
=020  \\$z0801451868
=035  \\$a(OCoLC)966869040
=040  \\$aMdBmJHUP$cMdBmJHUP
=100  1\$aWeisiger, Alex,$d1977-
=245  10$aLogics of War : $bExplanations for Limited and Unlimited Conflicts / $cAlex Weisiger.
=264  \1$aIthaca :$bCornell University Press,$c2013.
=264  \3$aBaltimore, Md. :$bProject MUSE, $c2017
=264  \4$c&copy;2013.
=300  \\$a1 online resource (296 pages).
=336  \\$atext$btxt$2rdacontent
=337  \\$acomputer$bc$2rdamedia
=338  \\$aonline resource$bcr$2rdacarrier
=490  0\$aCornell studies in security affairs
=505  0\$aExplanations for limited and unlimited wars -- Research strategy and statistical tests -- War to the death in Paraguay -- World War II : German expansion and Allied response -- Commitment problem mini-cases : the Crimean, Pacific, and Iran-Iraq wars -- Short wars of optimism : Persian Gulf and Anglo-Iranian -- The limits on leaders : the Falklands War and the Franco-Turkish War -- Recapitulations, implications, and prognostications.
=506  0\$aOpen Access$fUnrestricted online access$2star
=520  \\$aMost wars between countries end quickly and at relatively low cost. The few in which high-intensity fighting continues for years bring about a disproportionate amount of death and suffering. What separates these few unusually long and intense wars from the many conflicts that are far less destructive? In Logics of War, Alex Weisiger tests three explanations for a nation's decision to go to war and continue fighting regardless of the costs. He combines sharp statistical analysis of interstate wars over the past two centuries with nine narrative case studies. He examines both well-known conflicts like World War II and the Persian Gulf War, as well as unfamiliar ones such as the 1864-1870 Paraguayan War (or the War of the Triple Alliance), which proportionally caused more deaths than any other war in modern history. When leaders go to war expecting easy victory, events usually correct their misperceptions quickly and with fairly low casualties, thereby setting the stage for a negotiated agreement. A second explanation involves motives born of domestic politics; as war becomes more intense, however, leaders are increasingly constrained in their ability to continue the fighting. Particularly destructive wars instead arise from mistrust of an opponent's intentions. Countries that launch preventive wars to forestall expected decline tend to have particularly ambitious war aims that they hold to even when fighting goes poorly. Moreover, in some cases, their opponents interpret the preventive attack as evidence of a dispositional commitment to aggression, resulting in the rejection of any form of negotiation and a demand for unconditional surrender. Weisiger's treatment of a topic of central concern to scholars of major wars will also be read with great interest by military historians, political psychologists, and sociologists.
=546  \\$aIn English.
=588  \\$aDescription based on print version record.
=650  \7$aKrig$xteori, filosofi.$2sao
=650  \7$aTotaler Krieg$2gnd
=650  \7$aWar$xCauses.$2fast$0(OCoLC)fst01170331
=650  \7$aTotal war.$2fast$0(OCoLC)fst01200792
=650  \7$aLow-intensity conflicts (Military science)$2fast$0(OCoLC)fst01003219
=650  \7$aLimited war.$2fast$0(OCoLC)fst00998918
=650  \7$aPOLITICAL SCIENCE$xHistory & Theory.$2bisacsh
=650  \7$aTECHNOLOGY & ENGINEERING$xMilitary Science.$2bisacsh
=650  \7$aHISTORY$xMilitary$xOther.$2bisacsh
=650  \7$aPOLITICAL SCIENCE$xSecurity (National & International)$2bisacsh
=650  \7$aWarfare and defence.$2bicssc
=650  \7$aTheory of warfare and military science.$2bicssc
=650  \7$aSociety and social sciences Society and social sciences.$2bicssc
=650  \6$aGuerre totale.
=650  \6$aConflits de basse intensite.
=650  \6$aGuerre limitee.
=650  \6$aGuerre$xCauses.
=650  \0$aTotal war.
=650  \0$aLow-intensity conflicts (Military science)
=650  \0$aLimited war.
=650  \0$aWar$xCauses.
=630  07$aFremder Feind$2gnd
=655  \7$aElectronic books. $2local
=710  2\$aProject Muse.$edistributor
=830  \0$aBook collections on Project MUSE.
=856  40$zFull text available: $uhttps://muse.jhu.edu/book/43578/
=945  \\$aProject MUSE - Archive Complete Supplement V
=945  \\$aProject MUSE - Archive Political Science and Policy Studies Supplement V

