=LDR  07871cam a22009134a 4500
=001  musev2_43593
=003  MdBmJHUP
=005  20241011115848.0
=006  m\\\\\o\\d\\\\\\\\
=007  cr||||||||nn|n
=008  130102s2013\\\\nyu\\\\\o\\\\\\00\0\eng\d
=020  \\$a9780801468964
=020  \\$z9780801451065
=020  \\$z0801468965
=020  \\$z080145106X
=035  \\$a(OCoLC)857069280
=040  \\$aMdBmJHUP$cMdBmJHUP
=100  1\$aBetts, Alexander,$d1980-$eauthor.
=245  10$aSurvival Migration : $bFailed Governance and the Crisis of Displacement / $cAlexander Betts.
=264  \1$aIthaca :$bCornell University Press,$c2013.
=264  \3$aBaltimore, Md. :$bProject MUSE, $c2017
=264  \4$c©2013.
=300  \\$a1 online resource (256 pages).
=336  \\$atext$btxt$2rdacontent
=337  \\$acomputer$bc$2rdamedia
=338  \\$aonline resource$bcr$2rdacarrier
=505  0\$aSurvival migration -- The national politics of international institutions -- South Africa : the ad hoc response to the Zimbabwean influx -- Botswana : the division of Zimbabweans into refugees and migrants -- Angola : the expulsion of the Congolese back to the southern provinces -- Tanzania : the paradoxical response to congolese from South Kivu -- Kenya : humanitarian containment and the Somalis -- Yemen : contrasting responses to Somalis and Ethiopians -- Improving the refugee protection regime.
=506  0\$aOpen Access$fUnrestricted online access$2star
=520  \\$6880-01$aInternational treaties, conventions, and organizations to protect refugees were established in the aftermath of World War II to protect people escaping targeted persecution by their own governments. However, the nature of cross-border displacement has transformed dramatically since then. Such threats as environmental change, food insecurity, and generalized violence force massive numbers of people to flee states that are unable or unwilling to ensure their basic rights, as do conditions in failed and fragile states that make possible human rights deprivations. Because these reasons do not meet the legal understanding of persecution, the victims of these circumstances are not usually recognized as "refugees," preventing current institutions from ensuring their protection. In this book, Alexander Betts develops the concept of "survival migration" to highlight the crisis in which these people find themselves. Examining flight from three of the most fragile states in Africa--Zimbabwe, the Democratic Republic of Congo, and Somalia--Betts explains variation in institutional responses across the neighboring host states. There is massive inconsistency. Some survival migrants are offered asylum as refugees; others are rounded up, detained, and deported, often in brutal conditions. The inadequacies of the current refugee regime are a disaster for human rights and gravely threaten international security. In Survival Migration, Betts outlines these failings, illustrates the enormous human suffering that results, and argues strongly for an expansion of protected categories
=546  \\$aIn English.
=588  \\$aDescription based on print version record.
=650  \7$aMenschenrecht$2gnd
=650  \7$aMigration$2gnd
=650  \7$aPolitischer Flüchtling$2gnd
=650  \7$aRefugees.$2fast$0(OCoLC)fst01092797
=650  \7$aPolitics and government.$2fast$0(OCoLC)fst01919741
=650  \7$aPolitical refugees.$2fast$0(OCoLC)fst01069678
=650  \7$aHuman rights.$2fast$0(OCoLC)fst00963285
=650  \7$aForced migration.$2fast$0(OCoLC)fst00931606
=650  \7$aEmigration and immigration$xPolitical aspects.$2fast$0(OCoLC)fst00908710
=650  \7$aPOLITICAL SCIENCE$xPublic Policy$xSocial Services & Welfare.$2bisacsh
=650  \7$aPOLITICAL SCIENCE$xPublic Policy$xSocial Security.$2bisacsh
=650  \7$aPOLITICAL SCIENCE$xHuman Rights.$2bisacsh
=650  \7$aPOLITICAL SCIENCE$xInternational Relations$xGeneral.$2bisacsh
=650  \7$aSociety and social sciences Society and social sciences.$2bicssc
=650  \7$aPolitics and government.$2bicssc
=650  \7$aInternational relations.$2bicssc
=650  \6$aDroits de l'homme (Droit international)$zAfrique subsaharienne$vÉtudes de cas.
=650  \6$aRefugies$zAfrique subsaharienne$vÉtudes de cas.
=650  \4$aSocial Welfare & Social Work$xGeneral.
=650  \4$aSocial Sciences.
=650  \4$aSocial Welfare & Social Work.
=650  \4$aRefugees$zAfrica, Sub-Saharan$vCase studies.
=650  \4$aPolitical refugees$zAfrica, Sub-Saharan$vCase studies.
=650  \4$aHuman rights$zAfrica, Sub-Saharan$vCase studies.
=650  \4$aForced migration$zAfrica, Sub-Saharan$vCase studies.
=650  \4$aAfrica, Sub-Saharan$xPolitics and government$y21st century.
=650  \4$aAfrica, Sub-Saharan$xEmigration and immigration$xPolitical aspects$vCase studies.
=650  \4$aAfrica, Sub-Saharan$xEmigration and immigration$xPolitical aspects.
=650  \0$aHuman rights$zAfrica, Sub-Saharan$vCase studies.
=650  \0$aForced migration$zAfrica, Sub-Saharan$vCase studies.
=650  \0$aPolitical refugees$zAfrica, Sub-Saharan$vCase studies.
=650  \0$aRefugees$zAfrica, Sub-Saharan$vCase studies.
=651  \7$aSub-Saharan Africa.$2fast$0(OCoLC)fst01239520
=651  \6$aAfrique subsaharienne$xPolitique et gouvernement$y21e siecle.
=651  \6$aAfrique subsaharienne$xÉmigration et immigration$xAspect politique$vÉtudes de cas.
=651  \0$aAfrica, Sub-Saharan$xPolitics and government$y21st century.
=651  \0$aAfrica, Sub-Saharan$xEmigration and immigration$xPolitical aspects$vCase studies.
=655  \7$aÉtudes de cas.$2rvmgf
=655  \7$aCase studies.$2lcgft
=655  \7$aCase studies.$2fast$0(OCoLC)fst01423765
=655  \7$aElectronic books. $2local
=773  08$iTitle is part of the collection:$dDe Gruyter$tRights, Action, and Social Responsibility
=710  2\$aProject Muse.$edistributor
=830  \0$aBook collections on Project MUSE.
=880  \\$6520-01/(Q$aInternational treaties, conventions, and organizations to protect refugees were established in the aftermath of World War II to protect people escaping targeted persecution by their own governments. However, the nature of cross-border displacement has transformed dramatically since then. Such threats as environmental change, food insecurity, and generalized violence force massive numbers of people to flee states that are unable or unwilling to ensure their basic rights, as do conditions in failed and fragile states that make possible human rights deprivations. Because these reasons do not meet the legal understanding of persecution, the victims of these circumstances are not usually recognized as ђ́جrefugees, ђ́ح preventing current institutions from ensuring their protection. In this book, Alexander Betts develops the concept of ђ́جsurvival migrationђ́ح to highlight the crisis in which these people find themselves. Examining flight from three of the most fragile states in Afrісађ́ؤZimbabwe, the Democratic Republic of Congo, and Somalіађ́ؤBetts explains variation in institutional responses across the neighboring host states. There is massive inconsistency. Some survival migrants are offered asylum as refugees; others are rounded up, detained, and deported, often in brutal conditions. The inadequacies of the current refugee regime are a disaster for human rights and gravely threaten international security. In Survival Migration, Betts outlines these failings, illustrates the enormous human suffering that results, and argues strongly for an expansion of protected categories.
=856  40$zFull text available: $uhttps://muse.jhu.edu/book/43593/
=945  \\$aProject MUSE - Archive Complete Supplement V
=945  \\$aProject MUSE - Archive Political Science and Policy Studies Supplement V

