=LDR  03851cam a22006614a 4500
=001  musev2_43595
=003  MdBmJHUP
=005  20241011115849.0
=006  m\\\\\o\\d\\\\\\\\
=007  cr||||||||nn|n
=008  131021s2013\\\\nyu\\\\\o\\\\\\00\0\eng\d
=020  \\$a9780801469022
=020  \\$z0801452023
=020  \\$z0801469023
=020  \\$z9780801452024
=035  \\$a(OCoLC)966824717
=040  \\$aMdBmJHUP$cMdBmJHUP
=100  1\$aCody, Francis,$d1976-$eauthor.
=245  14$aThe Light of Knowledge : $bLiteracy Activism and the Politics of Writing in South India / $cFrancis Cody.
=264  \1$aIthaca :$bCornell University Press,$c2013.
=264  \3$aBaltimore, Md. :$bProject MUSE, $c2017
=264  \4$c©2013.
=300  \\$a1 online resource (272 pages).
=336  \\$atext$btxt$2rdacontent
=337  \\$acomputer$bc$2rdamedia
=338  \\$aonline resource$bcr$2rdacarrier
=490  0\$aExpertise : Cultures and Technologies of Knowledge
=505  0\$aIntroduction : of light, literacy, and knowledge in the Tamil countryside -- On being a "thumbprint" : time and space in Arivoli activism -- Feminizing enlightenment : the social and reciprocal agency -- Labors of objectification : words and worlds of pedagogy -- Search for a method : the media of enlightenment -- Subject to citizenship : petitions and the performativity of signature -- Epilogue : reflections on a time of charismatic enlightenment.
=506  0\$aOpen Access$fUnrestricted online access$2star
=520  \\$aCowinner of the Society for Linguistic Anthropology's Edward Sapir Book Prize Since the early 1990s hundreds of thousands of Tamil villagers in southern India have participated in literacy lessons and other events designed to transform them into active citizens with access to state power. These efforts are part of a movement known as the Arivoli Iyakkam (the Enlightenment Movement), one of the most successful mass literacy movements in recent history. This rich ethnographic account of highlights the paradoxes inherent in such movements that seek to emancipate people through literacy.
=546  \\$aIn English.
=588  \\$aDescription based on print version record.
=610  27$aArivoḷi (Organization : Tamil Nadu, India)$2fast$0(OCoLC)fst01604544
=610  20$aArivoḷi (Organization : Tamil Nadu, India)
=650  \7$aRural conditions.$2fast$0(OCoLC)fst01101474
=650  \7$aLiteracy programs.$2fast$0(OCoLC)fst00999898
=650  \7$aLiteracy$xPolitical aspects.$2fast$0(OCoLC)fst00999880
=650  \7$aEDUCATION$xEducational Policy & Reform$xGeneral.$2bisacsh
=650  \7$aEDUCATION$xAdministration$xGeneral.$2bisacsh
=650  \7$aSOCIAL SCIENCE$xAnthropology$xCultural.$2bisacsh
=650  \7$aEDUCATION$xEducational Policy & Reform$vGeneral.$2bisacsh
=650  \7$aEDUCATION$xAdministration$vGeneral.$2bisacsh
=650  \7$aSocial and cultural anthropology, ethnography Mod Social and cultural anthropology, ethnography.$2bicssc
=650  \7$aAnthropology.$2bicssc
=650  \7$aSociology and anthropology.$2bicssc
=650  \7$aSociety and social sciences Society and social sciences.$2bicssc
=650  \0$aLiteracy$xPolitical aspects$zIndia$zTamil Nadu.
=650  \0$aLiteracy programs$zIndia$zTamil Nadu.
=651  \7$aIndia$zTamil Nadu.$2fast$0(OCoLC)fst01208735
=651  \6$aTamil Nadu (Inde)$xConditions rurales.
=651  \0$aTamil Nadu (India)$xRural conditions.
=655  \7$aElectronic books. $2local
=710  2\$aProject Muse.$edistributor
=830  \0$aBook collections on Project MUSE.
=856  40$zFull text available: $uhttps://muse.jhu.edu/book/43595/
=945  \\$aProject MUSE - Archive Complete Supplement V
=945  \\$aProject MUSE - Archive Archaeology and Anthropology Supplement V
=945  \\$aProject MUSE - Archive Asian and Pacific Studies Supplement IV

