=LDR  03577cam a22006974a 4500
=001  musev2_43605
=003  MdBmJHUP
=005  20241011115855.0
=006  m\\\\\o\\d\\\\\\\\
=007  cr||||||||nn|n
=008  160318s2012\\\\nyu\\\\\o\\\\\\00\0\eng\d
=020  \\$a9780801466250
=020  \\$z0801451159
=020  \\$z0801466253
=020  \\$z9780801451157
=035  \\$a(OCoLC)966846093
=040  \\$aMdBmJHUP$cMdBmJHUP
=100  1\$aKutzinski, Vera M.,$d1956-$eauthor.
=245  14$aThe Worlds of Langston Hughes : $bModernism and Translation in the Americas / $cVera M. Kutzinski.
=264  \1$aIthaca :$bCornell University Press,$c2012.
=264  \3$aBaltimore, Md. :$bProject MUSE, $c2017
=264  \4$c©2012.
=300  \\$a1 online resource (376 pages): $billustrations
=336  \\$atext$btxt$2rdacontent
=337  \\$acomputer$bc$2rdamedia
=338  \\$aonline resource$bcr$2rdacarrier
=505  0\$aIntroduction : in others' words : translation and survival -- Nomad heart : heterolingual autobiographical -- Southern exposures : Hughes in Spanish -- Buenos Aires blues : modernism in the creole city -- Havana vernaculars : the Cuba Libre project -- Back in the USSA : Joe McCarthy's mistranslations.
=506  0\$aOpen Access$fUnrestricted online access$2star
=520  \\$aThe poet Langston Hughes was a tireless world traveler and a prolific writer, translator, and editor. Translations of his own writings traveled even more widely than he did, earning him adulation throughout Europe, Asia, and especially the Americas. This study contends that, for writers who are part of the African diaspora, translation is more than just a literary practice: it is a fact of life and a way of thinking.
=546  \\$aIn English.
=588  \\$aDescription based on print version record.
=600  17$aHughes, Langston$d1902-1967$2gnd
=600  17$aHughes, Langston,$d1902-1967$2fast$0(OCoLC)fst00049863
=600  16$aHughes, Langston,$d1902-1967$xAppreciation.
=600  16$aHughes, Langston,$d1902-1967$xTraductions$xHistoire et critique.
=600  11$aHughes, Langston,$d1902-1967$xTranslations$xHistory and criticism.
=600  11$aHughes, Langston,$d1902-1967$xAppreciation.
=600  10$aHughes, Langston,$d1902-1967$xTranslations$xHistory and criticism.
=600  10$aHughes, Langston,$d1902-1967$xAppreciation.
=650  \7$aÜbersetzung$2gnd
=650  \7$aRezeption$2gnd
=650  \7$aTranslations.$2fast$0(OCoLC)fst01154827
=650  \7$aModernism (Literature)$2fast$0(OCoLC)fst01024455
=650  \7$aArt appreciation.$2fast$0(OCoLC)fst00815447
=650  \7$aLITERARY CRITICISM$xAmerican$xAfrican American.$2bisacsh
=650  \7$aLITERARY CRITICISM$zAmerican$zAfrican American.$2bisacsh
=650  \7$aLITERARY CRITICISM$xPoetry.$2bisacsh
=650  \7$aLiterary studies: fiction, novelists and prose writers.$2bicssc
=650  \7$aLiterature: history and criticism.$2bicssc
=650  \7$aLiterature and literary studies.$2bicssc
=650  \6$aModernisme (Litterature)$zAmerique.
=650  \0$aModernism (Literature)$zAmerica.
=651  \7$aAmerica.$2fast$0(OCoLC)fst01239786
=655  \7$aAnthologies.$2lcgft
=655  \7$aCriticism, interpretation, etc.$2fast$0(OCoLC)fst01411635
=655  \7$aElectronic books. $2local
=710  2\$aProject Muse.$edistributor
=830  \0$aBook collections on Project MUSE.
=856  40$zFull text available: $uhttps://muse.jhu.edu/book/43605/
=945  \\$aProject MUSE - Archive Complete Supplement V
=945  \\$aProject MUSE - Archive Literature Supplement V

