=LDR  04534cam a22006254a 4500
=001  musev2_45519
=003  MdBmJHUP
=005  20241011122219.0
=006  m\\\\\o\\d\\\\\\\\
=007  cr||||||||nn|n
=008  201119s2016\\\\nyu\\\\\o\\\\\\00\0\eng\d
=010  \\$z  2020426469
=020  \\$a9780823267125
=020  \\$z0823267105
=020  \\$z9780823267101
=035  \\$a(OCoLC)945377741
=040  \\$aMdBmJHUP$cMdBmJHUP
=245  00$aOf Elephants and Toothaches : $bEthics, Politics, and Religion in Krzysztof Kieslowski's 'Decalogue' / $cEva Badowska and Francesca Parmeggiani, editors.
=250  \\$aFirst edition.
=264  \1$aNew York :$bFordham University Press,$c2016.
=264  \3$aBaltimore, Md. :$bProject MUSE, $c2016
=264  \4$c©2016.
=300  \\$a1 online resource (288 pages).
=336  \\$atext$btxt$2rdacontent
=337  \\$acomputer$bc$2rdamedia
=338  \\$aonline resource$bcr$2rdacarrier
=490  0\$aKnowledge Unlatched.
=490  0\$aOpen Access e-Books.
=505  0\$aIntroduction: within unrest, there is always a question / Eva Badowska and Francesca Parmeggiani -- Rules and virtues: the moral insight of the Decalogue / William Jaworski -- Tablets of stone, tablets of flesh: synesthetic appeal in the Decalogue / Joseph G. Kickasola -- Decalogue one: witnessing a responsible ethics of response from a Jewish perspective / Moshe Gold -- Visual reverberations: Decalogue two and Decalogue eight / Eva M. Stadler -- Remember the sabbath day, to keep it holy: Decalogue three / Joseph W. Koterski, S.J. -- Decalogue four: "The Mother Up in Smoke, or "Honor Thy Father and Thy Mother" / Gabriella Ripa di Meana -- Decalogue five: a short film about killing, sin, and community / Michael Baur -- States of exception: politics and poetics in Decalogue six / Eva Badowska -- Decalogue seven: a tale of love, failing words, and moving images / Francesca Parmeggiani -- Decalogue eight: childhood, emotion, and the shoah / Emma Wilson -- Divine possession: metaphysical covetousness in Decalogue nine / Philip Sicker -- Laughter makes good neighbors: sociability and the comic in Decalogue ten / Regina Small.
=506  0\$aOpen Access$fUnrestricted online access$2star
=520  \\$aThis collection is the first to offer a genuinely interdisciplinary approach to Krzysztof Kieslowski's Decalogue, a ten-film cycle of modern tales that touch on the ethical dilemmas of the Ten Commandments. The cycle's deft handling of moral ambiguity and inventive technique established Kieślowski as a major international director. Kieślowski once said, "Both the deep believer and the habitual skeptic experience toothaches in exactly the same way." Of Elephants and Toothaches takes seriously the range of thought, from theological to skeptical, condensed in the cycle's quite human tales. Bringing together scholars of film, philosophy, literature, and several religions, the volume ranges from individual responsibility, to religion in modernity, to familial bonds, to human desire and material greed. It explores Kieślowski's cycle as it relentlessly solicits an ethical response that stimulates both inner disquiet and interpersonal dialogue
=546  \\$aEnglish.
=588  \\$aDescription based on print version record.
=630  07$aDekalog (Television program)$2fast$0(OCoLC)fst01386522
=630  00$aDekalog (Television program)
=600  17$aKieślowski, Krzysztof,$d1941-1996.$2fast$0(OCoLC)fst00287784
=600  10$aKieślowski, Krzysztof,$d1941-1996$xCriticism and interpretation.
=650  \7$aTelevision programs$xMoral and ethical aspects.$2fast$0(OCoLC)fst01147044
=650  \7$aReligion on television.$2fast$0(OCoLC)fst01737566
=650  \7$aLITERARY CRITICISM$xGeneral.$2bisacsh
=650  \6$aReligion à la television.
=650  \6$aÉmissions televisees$xAspect moral$zPologne.
=650  \0$aReligion on television.
=650  \0$aTelevision programs$xMoral and ethical aspects$zPoland.
=651  \7$aPoland.$2fast$0(OCoLC)fst01206891
=655  \7$aCriticism, interpretation, etc.$2fast$0(OCoLC)fst01411635
=655  \4$bElectronic books.
=655  \7$aElectronic books. $2local
=700  1\$aParmeggiani, Francesca,$eeditor.
=700  1\$aBadowska, Eva,$eeditor.
=710  2\$aProject Muse.$edistributor
=830  \0$aBook collections on Project MUSE.
=856  40$zFull text available: $uhttps://muse.jhu.edu/book/45519/
=945  \\$aProject MUSE - 2016 Complete
=945  \\$aProject MUSE - 2016 Film, Theater and Performing Arts

