=LDR  04449cam a22006374a 4500
=001  musev2_45852
=003  MdBmJHUP
=005  20241011122615.0
=006  m\\\\\o\\d\\\\\\\\
=007  cr||||||||nn|n
=008  151123s2016\\\\miu\\\\\o\\\\\\00\0\eng\d
=010  \\$z  2020707066
=020  \\$a9780472900671
=020  \\$z9780472121694
=020  \\$z9780472053025
=020  \\$z9780472073023
=035  \\$a(OCoLC)945384277
=040  \\$aMdBmJHUP$cMdBmJHUP
=100  1\$aWallace, Molly,$eauthor.
=245  10$aRisk Criticism : $bPrecautionary Reading in an Age of Environmental Uncertainty / $cMolly Wallace.
=264  \1$aAnn Arbor :$bUniversity of Michigan Press,$c[2016]
=264  \3$aBaltimore, Md. :$bProject MUSE, $c2016
=264  \4$c©[2016]
=300  \\$a1 online resource (272 pages).
=336  \\$atext$btxt$2rdacontent
=337  \\$acomputer$bc$2rdamedia
=338  \\$aonline resource$bcr$2rdacarrier
=490  0\$aKnowledge Unlatched.
=490  0\$aOpen Access e-Books.
=505  0\$aIntroduction: Will the apocalypse have been now? : literary criticism in an age of global risk -- The second nuclear age and its wagers : archival reflexions -- We all live in Bhopal? : staging global risk -- Discomfort food : analogy and biotechnology -- Letting plastic have its say; or, plastic's tell -- The Port Radium paradigm; or, Fukushima in a changing climate -- Afterword: Writing "the bomb" : inheritances in the anthropocene.
=506  0\$aOpen Access$fUnrestricted online access$2star
=520  \\$a'Risk Criticism: Reading in an Age of Manufactured Uncertainties' is a study of literary and cultural responses to global environmental risk that offers an environmental humanities approach to understanding risk in an age of unfolding ecological catastrophe. 'Risk Criticism: Reading in an Age of Manufactured Uncertainties' is a study of literary and cultural responses to global environmental risk that offers an environmental humanities approach to understanding risk in an age of unfolding ecological catastrophe. In 2015, the Bulletin of the Atomic Scientists re-set its iconic Doomsday Clock to three minutes to midnight, as close to the apocalypse as it has been since 1953. What pushed its hands was, however, not just the threat of nuclear weapons, but also other global environmental risks that the Bulletin judged to have risen to the scale of the nuclear, including climate change and innovations in the life sciences. If we may once have believed that the end of days would come in a blaze of nuclear firestorm (or the chill of the subsequent nuclear winter), we now suspect that the apocalypse may be much slower, creeping in as chemical toxin, climate change, or bio- or nano- technologies run amok. Taking inspiration from the questions raised by the Bulletin's synecdochical "nuclear," 'Risk Criticism' aims to generate a hybrid form of critical practice that brings "nuclear criticism"--A subfield of literary studies that has been, since the Cold War, largely neglected--into conversation with ecocriticism, the more recent approach to environmental texts in literary studies. Through readings of novels, films, theater, poetry, visual art, websites, news reports, and essays, 'Risk Criticism' tracks the diverse ways in which environmental risks are understood and represented today
=588  \\$aDescription based on print version record.
=650  \7$aRisk-taking (Psychology)$2fast$0(OCoLC)fst01098195
=650  \7$aRisk in literature.$2fast$0(OCoLC)fst01098163
=650  \7$aEnvironmental risk assessment.$2fast$0(OCoLC)fst00913451
=650  \7$aEcocriticism.$2fast$0(OCoLC)fst00901428
=650  \7$aCriticism.$2fast$0(OCoLC)fst00883735
=650  \7$aLITERARY CRITICISM$xSemiotics & Theory.$2bisacsh
=650  \6$aPrise de risque.
=650  \6$aEnvironnement$xÉvaluation du risque.
=650  \6$aRisque dans la litterature.
=650  \6$aCritique.
=650  \6$aÉcocritique.
=650  \2$aRisk-Taking
=650  \0$aRisk-taking (Psychology)
=650  \0$aEnvironmental risk assessment.
=650  \0$aRisk in literature.
=650  \0$aCriticism.
=650  \0$aEcocriticism.
=655  \7$aElectronic books. $2local
=710  2\$aProject Muse.$edistributor
=830  \0$aBook collections on Project MUSE.
=856  40$zFull text available: $uhttps://muse.jhu.edu/book/45852/
=945  \\$aProject MUSE - 2016 Complete
=945  \\$aProject MUSE - 2016 Literature

