=LDR  04329cam a22006494a 4500
=001  musev2_46993
=003  MdBmJHUP
=005  20241011123929.0
=006  m\\\\\o\\d\\\\\\\\
=007  cr||||||||nn|n
=008  160408s2016\\\\dcu\\\\\o\\\\\\00\0\eng\d
=010  \\$z  2016016889
=020  \\$a9780815729525
=020  \\$z9780815729518
=020  \\$z0815729529
=020  \\$z0815729510
=035  \\$a(OCoLC)946276928
=040  \\$aMdBmJHUP$cMdBmJHUP
=100  1\$aFerris, Elizabeth G.,$eauthor.
=245  14$aThe Consequences of Chaos : $bSyria's Humanitarian Crisis and the Failure to Protect / $cElizabeth Ferris and Kemal Kirişci.
=264  \1$aWashington, D.C. :$bBrookings Institution Press,$c[2016]
=264  \3$aBaltimore, Md. :$bProject MUSE, $c2016
=264  \4$c©[2016]
=300  \\$a1 online resource (203 pages).
=336  \\$atext$btxt$2rdacontent
=337  \\$acomputer$bc$2rdamedia
=338  \\$aonline resource$bcr$2rdacarrier
=490  0\$aThe Marshall papers
=505  0\$aThe context, causes, and consequences of Syrian displacement -- Syrian refugees: challenges to host countries and the international community -- Communities at risk inside Syria: the internally displaced, Palestinians, besieged and other trapped populations -- Syrian displacement and the international order.
=506  0\$aOpen Access$fUnrestricted online access$2star
=520  \\$aThe massive dimensions of Syria's refugee crisis-and the search for solutions The civil war in Syria has forced some 10 million people-more than half the country's population-from their homes and communities, creating one of the largest human displacements since the end of World War II. Daily headlines testify to their plight, both within Syria and in the countries to which they have fled. The Consequences of Chaos looks beyond the ever-increasing numbers of Syria's uprooted to consider the long-term economic, political, and social implications of this massive movement of people. Neighboring countries hosting thousands or even millions of refugees, Western governments called upon to provide financial assistance and even new homes for the refugees, regional and international organizations struggling to cope with the demands for food and shelter-all have found the Syria crisis to be overwhelming in its challenges. And the challenges of finding solutions for those displaced by the conflict are likely to continue for years, perhaps even for decades. The Syrian displacement crisis raises fundamental questions about the relationship between action to resolve conflicts and humanitarian aid to assist the victims and demonstrates the limits of humanitarian response, even on a massive scale, to resolve political crises. The increasingly protracted nature of the crisis also raises the need for the international community to think beyond just relief assistance and adopt developmental policies to help refugees become productive members of their host communities.
=546  \\$aEnglish.
=588  \\$aDescription based on print version record.
=650  \7$aRefugees$xInternational cooperation.$2fast$0(OCoLC)fst01092820
=650  \7$aRefugees.$2fast$0(OCoLC)fst01092797
=650  \7$aPolitics and government.$2fast$0(OCoLC)fst01919741
=650  \7$aHumanitarianism.$2fast$0(OCoLC)fst00963578
=650  \7$aEmigration and immigration.$2fast$0(OCoLC)fst00908690
=650  \7$aPOLITICAL SCIENCE$xWorld$xMiddle Eastern.$2bisacsh
=650  \6$aRefugies$zSyrie.
=650  \0$aHumanitarianism.
=650  \0$aRefugees$xInternational cooperation.
=650  \0$aRefugees$zSyria.
=651  \7$aSyria.$2fast$0(OCoLC)fst01208757
=651  \6$aSyrie$xPolitique et gouvernement$y2000-
=651  \6$aSyrie$xHistoire$y2011- (Guerre civile)
=651  \0$aSyria$xPolitics and government$y2000-
=651  \0$aSyria$xHistory$yCivil War, 2011-
=651  \0$aSyria$xEmigration and immigration.
=655  \7$aHistory.$2fast$0(OCoLC)fst01411628
=655  \7$aElectronic books. $2local
=700  1\$aKirişci, Kemal,$d1954-$eauthor.
=710  2\$aProject Muse.$edistributor
=830  \0$aBook collections on Project MUSE.
=856  40$zFull text available: $uhttps://muse.jhu.edu/book/46993/
=945  \\$aProject MUSE - 2016 Complete
=945  \\$aProject MUSE - 2016 Political Science and Policy Studies

