=LDR  03909cam a22005294a 4500
=001  musev2_47456
=003  MdBmJHUP
=005  20241011124309.0
=006  m\\\\\o\\d\\\\\\\\
=007  cr||||||||nn|n
=008  151013s2016\\\\miu\\\\\o\\\\\\00\0\eng\d
=010  \\$z  2020707314
=020  \\$a9780472900640
=020  \\$z9780472121663
=020  \\$z9780472119769
=035  \\$a(OCoLC)953594690
=040  \\$aMdBmJHUP$cMdBmJHUP
=245  00$aRefining Child Pornography Law : $bCrime, Language, and Social Consequences / $cedited by Carissa Byrne Hessick.
=264  \1$aAnn Arbor :$bUniversity of Michigan Press,$c[2016]
=264  \3$aBaltimore, Md. :$bProject MUSE, $c2016
=264  \4$c©[2016]
=300  \\$a1 online resource (308 pages).
=336  \\$atext$btxt$2rdacontent
=337  \\$acomputer$bc$2rdamedia
=338  \\$aonline resource$bcr$2rdacarrier
=490  0\$aLaw, meaning, and violence
=505  00$gPart 1. Defining child pornography crimes:$tThe context and content of New York v. Ferber /$rJames Weinstein --$tSetting definitional limits for the child pornography exception /$rCarissa Byrne Hessick --$tThe "Dost Test" in child pornography law : "trial by Rorschach Test" /$rAmy Adler --$tThe language of child sexual abuse and exploitation /$rMary Graw Leary --$gPart 2. Refining child pornography law:$tQuestioning the modern criminal justice focus on child pornography possession /$rCarissa Byrne Hessick --$tThe dignitary harm of child pornography : from producers to possessors /$rAudrey Rogers --$tNot just "kiddie porn" : the significant harms from child pornography possession /$rPaul G. Cassell, James R. Marsh, and Jeremy M. Christiansen --$tChallenges in investigations and prosecutions of child pornography crimes /$rWendy Walsh, Melissa Wells, and Janis Wolak --$tA critical evaluation of the Federal Sentencing Guidelines for child pornography offenses /$rTroy Stabenow --$tPolitical and empirical controversies threaten the federal child pornography guidelines /$rMelissa Hamilton.
=506  0\$aOpen Access$fUnrestricted online access$2star
=520  \\$aThe legal definition of child pornography is, at best, unclear. In part because of this ambiguity and in part because of the nature of the crime itself, the prosecution and sentencing of perpetrators, the protection of and restitution for victims, and the means for preventing repeat offenses are deeply controversial. In an effort to clarify the questions and begin to formulate answers, in this volume, experts in law, sociology, and social examine child pornography law and its consequences. Focusing on the roles of language and crime definition, the contributors present a range of views about the increasingly visible role that child pornography plays in the national conversation on child safety, as well as the wisdom of the punishment of those who produce, distribute, and possess materials which may be considered child pornography.
=546  \\$aEnglish.
=588  \\$aDescription based on print version record.
=650  \7$aChild pornography.$2fast$0(OCoLC)fst01430022
=650  \7$aChild abuse$xLaw and legislation.$2fast$0(OCoLC)fst00854238
=650  \7$aLAW$xCriminal Law$xGeneral.$2bisacsh
=650  \7$aLAW$xChild Advocacy.$2bisacsh
=650  \6$aEnfants dans la pornographie$zÉtats-Unis.
=650  12$aErotica$xlegislation & jurisprudence
=650  \0$aChild abuse$xLaw and legislation$zUnited States.
=650  \0$aChild pornography$zUnited States.
=651  \7$aUnited States.$2fast$0(OCoLC)fst01204155
=655  \7$aElectronic books. $2local
=700  1\$aHessick, Carissa Byrne,$eeditor.
=710  2\$aProject Muse.$edistributor
=830  \0$aBook collections on Project MUSE.
=856  40$zFull text available: $uhttps://muse.jhu.edu/book/47456/
=945  \\$aProject MUSE - 2016 Complete
=945  \\$aProject MUSE - 2016 Political Science and Policy Studies

