=LDR  03866cam a22005534a 4500
=001  musev2_47931
=003  MdBmJHUP
=005  20241011124804.0
=006  m\\\\\o\\d\\\\\\\\
=007  cr||||||||nn|n
=008  160808s2016\\\\miu\\\\\o\\\\\\00\0\eng\d
=020  \\$a9780472900589
=020  \\$z9780472121984
=020  \\$z9780472053148
=020  \\$z9780472073146
=035  \\$a(OCoLC)956320970
=040  \\$aMdBmJHUP$cMdBmJHUP
=100  1\$aJakovljević, Branislav,$eauthor.
=245  10$aAlienation Effects : $bPerformance and Self-Management in Yugoslavia, 1945-91 / $cBranislav Jakovljević.
=264  \1$aAnn Arbor :$bUniversity of Michigan Press,$c2016.
=264  \3$aBaltimore, Md. :$bProject MUSE, $c2016
=264  \4$c©2016.
=300  \\$a1 online resource (382 pages).
=336  \\$atext$btxt$2rdacontent
=337  \\$acomputer$bc$2rdamedia
=338  \\$aonline resource$bcr$2rdacarrier
=490  0\$aTheater: Theory/Text/Performance
=505  0\$aBodywriting: Performance State -- Syntactical Performances: Beyond the Performance Principle -- Disalienation Defects: A Federation of Interests -- Afterword.
=506  0\$aOpen Access$fUnrestricted online access$2star
=520  \\$aExciting new scholarship has been emerging as performance studies scholars begin to turn their attention to the performance of politics, nationhood, and jurisprudence. Branislav Jakovljevic's project on the history and eventual demise of the former Yugoslavia demonstrates how fruitful this approach can be. Jakovljevic considers the concept of theatricality as central to understanding the events that took place in Yugoslavia. He examines the country's trials, state ceremonies and festivals, army maneuvers, propaganda, and pop culture as "rehearsals and temporary enactments of an ideologically formulated future." His first chapter reveals the surrealist, avant-garde origins of key members of the Yugoslav bureaucracy after WWII, suggesting that those connections helped the culture of socialist Yugoslavia become a performance-centered culture. Continuing to explore the relationship between the political avant-garde and the artistic avant-garde, he looks at the spectacle of student demonstrations in Belgrade in 1968, and, in their aftermath, the rise of performance art in the country. The third chapter (included here) zeros in on the various political performances of Slobodan Milosevic, including his courtroom testimony at the ICTY, the International Criminal Tribunal for the former Yugoslavia. The fourth chapter discusses the "Peter Handke Affair," when the Austrian playwright had a major prize revoked after he attended Milosevic's funeral and recited a poem he had written in Milosevic's honor
=546  \\$aEnglish.
=588  \\$aDescription based on print version record.
=650  \7$aSocialism and the arts.$2fast$0(OCoLC)fst01123701
=650  \7$aPerformance art$xPolitical aspects.$2fast$0(OCoLC)fst01057855
=650  \7$aPERFORMING ARTS$xTheater$xGeneral.$2bisacsh
=650  \7$aPERFORMING ARTS$xReference.$2bisacsh
=650  \6$aSocialisme et arts$zYougoslavie$xHistoire$y20e siecle.
=650  \0$aPerformance art$xSocial aspects$zYugoslavia$xHistory$y20th century.
=650  \0$aPerformance art$xPolitical aspects$zYugoslavia$xHistory$y20th century.
=650  \0$aSocialism and the arts$zYugoslavia$xHistory$y20th century.
=651  \7$aYugoslavia.$2fast$0(OCoLC)fst01279262
=655  \7$aHistory.$2fast$0(OCoLC)fst01411628
=655  \7$aElectronic books. $2local
=710  2\$aProject Muse.$edistributor
=830  \0$aBook collections on Project MUSE.
=856  40$zFull text available: $uhttps://muse.jhu.edu/book/47931/
=945  \\$aProject MUSE - 2016 Russian and East European Studies
=945  \\$aProject MUSE - 2016 Complete
=945  \\$aProject MUSE - 2016 Film, Theater and Performing Arts

