=LDR  04901cam a22007814a 4500
=001  musev2_47991
=003  MdBmJHUP
=005  20241011124846.0
=006  m\\\\\o\\d\\\\\\\\
=007  cr||||||||nn|n
=008  160510s2016\\\\inu\\\\\o\\\\\\00\0\eng\d
=020  \\$a9781612494210
=020  \\$z1612494218
=020  \\$z161249417X
=020  \\$z9781612494173
=020  \\$z9781557537317
=035  \\$a(OCoLC)949272962
=040  \\$aMdBmJHUP$cMdBmJHUP
=100  1\$aWilper, James Patrick,$d1981-$eauthor.
=245  10$aReconsidering the Emergence of the Gay Novel in English and German / $cJames Patrick Wilper.
=264  \1$aWest Lafayette, Indiana :$bPurdue University Press,$c2016.
=264  \3$aBaltimore, Md. :$bProject MUSE, $c2016
=264  \4$c©2016.
=300  \\$a1 online resource (280 pages).
=336  \\$atext$btxt$2rdacontent
=337  \\$acomputer$bc$2rdamedia
=338  \\$aonline resource$bcr$2rdacarrier
=490  0\$aComparative cultures and literatures
=505  0\$aReligion and law. Sin and crime -- Greek love. Transcending Greek love -- The "manly love of comrades" -- Science and sex. The highest being drawn down into decadence -- Health, masculinity, and the third sex -- Wild about Oscar Wilde? A tough act to follow : homosexuality in fiction after Oscar Wilde -- Das bildnis des Oskar Wilde.
=506  0\$aOpen Access$fUnrestricted online access$2star
=520  \\$aIn Reconsidering the Emergence of the Gay Novel in English and German, James P. Wilper examines a key moment in the development of the modern gay novel by analyzing four novels by German, British, and American writers. Wilper studies how the texts are influenced by and respond and react to four schools of thought regarding male homosexuality in the late nineteenth and early twentieth centuries. The first is legal codes criminalizing sex acts between men and the religious doctrine that informs them. The second is the ancient Greek erotic philosophy, in which a revival of interest took place in the late nineteenth century. The third is sexual science (or sexology), which offered various medical and psychological explanations for same-sex desire and was employed variously to defend, as well as to attempt to cure, this "perversion." And fourth, in the wake of the scandal caused by his trials and conviction for "gross indecency," Oscar Wilde became associated with a homosexual stereotype based on "unmanly" behavior. Wilper analyzes the four novels: Thomas Mann's Death in Venice, E.M. Forster's Maurice, Edward Prime-Stevenson's Imre: A Memorandum, and John Henry Mackay's The Hustler, in relation to these schools of thought, and focuses on the exchange and cross-cultural influence between linguistic and cultural contexts on the subject of love and desire between men
=546  \\$aEnglish.
=588  \\$aDescription based on print version record.
=650  \7$aMinorites sexuelles$xDans la litterature.$2ram
=650  \7$aLesbians in literature.$2fast$0(OCoLC)fst00996587
=650  \7$aHomosexuality and literature.$2fast$0(OCoLC)fst00959818
=650  \7$aGerman fiction.$2fast$0(OCoLC)fst00941384
=650  \7$aGays' writings.$2fast$0(OCoLC)fst00939312
=650  \7$aGay men in literature.$2fast$0(OCoLC)fst00939161
=650  \7$aEnglish fiction.$2fast$0(OCoLC)fst00910817
=650  \7$aHISTORY$zEurope$xGeneral.$2bisacsh
=650  \7$aLITERARY CRITICISM$xLGBT.$2bisacsh
=650  \7$aLiterature: history and criticism.$2bicssc
=650  \7$aLiterature and literary studies.$2bicssc
=650  \7$aLiterary studies: post-colonial literature.$2bicssc
=650  \7$aLiterary studies: general.$2bicssc
=650  \7$aLiterary studies: from c 1900.$2bicssc
=650  \6$aLesbiennes dans la litterature.
=650  \6$aHomosexuels masculins dans la litterature.
=650  \6$aHomosexualite et litterature.
=650  \6$aRoman allemand$zGermanophonie$xHistoire et critique.
=650  \6$aRoman anglais$zAnglophonie$xHistoire et critique.
=650  \6$aÉcrits d'homosexuels$xHistoire et critique.
=650  \0$aLesbians in literature.
=650  \0$aGay men in literature.
=650  \0$aHomosexuality and literature.
=650  \0$aGerman fiction$zEurope, German-speaking$xHistory and criticism.
=650  \0$aEnglish fiction$zEnglish-speaking countries$xHistory and criticism.
=650  \0$aGays' writings$xHistory and criticism.
=651  \7$aGerman-speaking Europe.$2fast$0(OCoLC)fst01692653
=651  \7$aEnglish-speaking countries.$2fast$0(OCoLC)fst01261775
=655  \7$aCriticism, interpretation, etc.$2fast$0(OCoLC)fst01411635
=655  \7$aElectronic books. $2local
=710  2\$aProject Muse.$edistributor
=830  \0$aBook collections on Project MUSE.
=856  40$zFull text available: $uhttps://muse.jhu.edu/book/47991/
=945  \\$aProject MUSE - 2016 Complete
=945  \\$aProject MUSE - 2016 Literature

