=LDR  04496cam a22005534a 4500
=001  musev2_48429
=003  MdBmJHUP
=005  20241011125347.0
=006  m\\\\\o\\d\\\\\\\\
=007  cr||||||||nn|n
=008  160708s2016\\\\dcu\\\\\o\\\\\\00\0\eng\d
=010  \\$z  2016031765
=020  \\$a9780815729501
=020  \\$z9780815729495
=020  \\$z0815729499
=020  \\$z0815729502
=035  \\$a(OCoLC)953387308
=040  \\$aMdBmJHUP$cMdBmJHUP
=245  00$aAfrica's Lions : $bGrowth Traps and Opportunities for Six African Economies / $cHaroon Bhorat and Finn Tarp, editors.
=264  \1$aWashington, D.C. :$bBrookings Institution Press,$c2016.
=264  \3$aBaltimore, Md. :$bProject MUSE, $c2016
=264  \4$c&copy;2016.
=300  \\$a1 online resource (270 pages).
=336  \\$atext$btxt$2rdacontent
=337  \\$acomputer$bc$2rdamedia
=338  \\$aonline resource$bcr$2rdacarrier
=505  0\$aThe pursuit of long-run economic growth in Africa : an overview of key challenges / Haroon Bhorat and Finn Tarp -- Ethiopia : an agrarian economy in transition / Yared Seid and Alemayehu Seyoum Taffesse -- Understanding Ghana's success growth story and job creation concerns / Ernest Aryeetey and William Baah-Boateng -- Economic growth, labor market dynamics and the prospects for a demographic dividend in Kenya / Mwangi S. Kimenyi, Francis M. Mwega, and Njuguna S. Ndung'u -- Understanding Mozambique's growth experience through an employment lens / Sam Jones and Finn Tarp -- Understanding the relationship between growth and employment in Nigeria / Olu Ajakaiye, Afeikhena T. Jerome, Olufunke A. Alaba, and David Nabena -- Demographic, employment, and wage trends in South Africa / Haroon Bhorat, Karmen Naidoo, Morne Oosthuizen, and Kavisha Pillay.
=506  0\$aOpen Access$fUnrestricted online access$2star
=520  \\$aExamining the economic forces that will shape Africa's future. Africa's Lions examines the economic growth experiences of six fast growing and/or economically dominant African countries. Expert African researchers offer unique perspectives into the challenges and issues in Ethiopia, Ghana, Kenya, Mozambique, Nigeria, and South Africa. Despite a growing body of research on African economies, very little has focused on the relationship between economic growth and employment outcomes at the detailed country level. A lack of empirical data has deprived policymakers of a robust evidence base on which to make informed decisions. By harnessing country-level household, firm, and national accounts data together with existing analytical country research-the authors have attempted to bridge this gap. The growth of the global working-age population to 2030 will be driven primarily by Africa, which means that the relationship between growth and employment should be understood within the context of each country's projected demographic challenge and the associated implications for employment growth. A better understanding of the structure of each country's workforce and the resulting implications for human capital development, the vulnerably employed, and the working poor, will be critical to informing the development policy agenda. As a group, the six countries profiled in Africa's Lions will largely shape the continent's future. Each country chapter focuses on the complex interactions between economic growth and employment outcomes, within the individual Africa's Lions context.
=588  \\$aDescription based on print version record.
=651  \7$aAfrica.$2fast$0(OCoLC)fst01239509
=651  \6$aAfrique$xConditions economiques$y21e siecle.
=651  \0$aAfrica$xEconomic conditions$y21st century.
=650  \7$aJob creation.$2fast$0(OCoLC)fst00983666
=650  \7$aEconomic history.$2fast$0(OCoLC)fst00901974
=650  \7$aEconomic development.$2fast$0(OCoLC)fst00901785
=650  \7$aBUSINESS & ECONOMICS$xInternational$xEconomics.$2bisacsh
=650  \6$aCreation d'emplois$zAfrique.
=650  \6$aDeveloppement economique$zAfrique.
=650  \0$aJob creation$zAfrica.
=650  \0$aEconomic development$zAfrica.
=655  \7$aElectronic books. $2local
=700  1\$aTarp, Finn,$d1951-$eeditor.
=700  1\$aBhorat, Haroon,$eeditor.
=710  2\$aProject Muse.$edistributor
=830  \0$aBook collections on Project MUSE.
=856  40$zFull text available: $uhttps://muse.jhu.edu/book/48429/
=945  \\$aProject MUSE - 2016 Complete
=945  \\$aProject MUSE - 2016 Political Science and Policy Studies

