=LDR  10547cam a22007694a 4500
=001  musev2_48436
=003  MdBmJHUP
=005  20241011125351.0
=006  m\\\\\o\\d\\\\\\\\
=007  cr||||||||nn|n
=008  160322t20162016cou\\\\\o\\\\\\00\0\eng\d
=010  \\$z  2015012980
=020  \\$a9781607324249
=020  \\$z9781607324232
=035  \\$a(OCoLC)945376940
=040  \\$aMdBmJHUP$cMdBmJHUP
=100  1\$aO'Connor, Mary I.,$eauthor.
=245  10$aMixtec Evangelicals : $bGlobalization, Migration, and Religious Change in a Oaxacan Indigenous Group / $cMary I. O'Connor.
=264  \1$aBoulder, Colorado :$bUniversity Press of Colorado,$c[2016]
=264  \3$aBaltimore, Md. :$bProject MUSE, $c2016
=264  \4$c©[2016]
=300  \\$a1 online resource (272 pages).
=336  \\$atext$btxt$2rdacontent
=337  \\$acomputer$bc$2rdamedia
=338  \\$aonline resource$bcr$2rdacarrier
=505  0\$aChapter 1. Ñuu Shaavi, The Land of Rain -- Chapter 2. Mixtecs and Modernity -- Chapter 3. San Juan Mixtepec -- Chapter 4. San Juan Diquiyú -- Chapter 5. Colonia Sinaí -- Chapter 6. Four Communities Compared -- Chapter 7. Mixtec Diaspora? -- Chapter 8. Concluding Remarks.
=505  00$tÑuu Shaavi, The Land of Rain.$tBrief history of the Mixteca region --$tSpanish conquest and afterward --$tPolitical organization in the Mixteca area --$tPolitics in Mixtec villages : Usos y Costumbres --$tPolitics and religion --$tMigration and religious change --$tChurches --$tConversion process --$tHermana Adela : migrant and convert --$tNon-Catholic churches in the Mixteca region --$tResponse of the Catholic Church to religious change --$tMixtecs and Modernity.$tModernity, indigeneity, and religious conversion --$tModernity and religion --$t"The great transformation" --$tGlobalization and neoliberalism --$tMixtecs in the New World Order --$tGlobalization, migration, and modernity --$tCultural remittances --$tMixtec communities in the context of globalization --$tGlobalization and religious conversion --$tIndigenous modernities --$tSan Juan Mixtepec : Ñuu Vicu, the Land of Clouds.$tMunicipio --$tSetting --$tTwo Agencias : San Lucas and San Pedro Yososcuá --$tRelations between Catholics and non-Catholics --$tNon-Catholic churches in Yososcuá --$tRelations between Catholics and non-Catholics in Yososcuá --$tMigration and religious change --$tSocial and economic indicators --$tModernity and Usos y Costumbres --$tSan Juan Diquiyú : Village on a Rock.$tWhy San Juan Diquiyú? --$tSetting --$tVillage of San Juan Diquiyú --$tFiesta system --$tOrthodox and folk Catholicism --$tNon-Catholics in San Juan Diquiyú --$tSeventh-Day Adventists --$tTrinitarians in San Juan Diquiyú --$tConflict, peace, and ridicule --$tColonia Sinaí : Los Expulsados.$tVillage --$tExpulsion --$tAfter the expulsion --$tReturn to the village --$tFour communities compared --$tVariations on a Theme --$tSettings --$tLanguage and religion --$tSocioeconomic characteristics of the communities --$tMigration and community development --$tCatholics and non-Catholics --$tUsos y Costumbres in three communities --$tMigration, religious change, and modernity --$tMixtec Diaspora?.$tMixtec migrants in Mexico --$tConversion in Culiacán --$tMiguel Alemán, Sonora --$tNon-Catholics in Miguel Alemán --$tBaja California --$tSan Quintín --$tTijuana --$tMixtecs in the United States --$tCalifornia --$tOregon and Washington --$tGenerations, present and future --$tEthnic organizations --$tThe IJA : an alternative to ethnic organizations? --$tMixtec Diaspora? --$tMixtecs in the modern world-system --$tTransnational communities and religious conversion --$tMixtec villages as transnational communities --$tTransnational studies, globalization, and religious conversion --$tSelective modernity --$tToward a general explanation of religious conversion.
=506  0\$aOpen Access$fUnrestricted online access$2star
=520  \\$a"Mixtec Evangelicals is a comparative ethnography of four Mixtec communities in Oaxaca, detailing the process by which economic migration and religious conversion combine to change the social and cultural makeup of predominantly folk-Catholic communities. The book describes the effects on the home communities of the Mixtecs who travel to northern Mexico and the United States in search of wage labor and return having converted from their rural Catholic roots to Evangelical Protestant religions. O'Connor identifies globalization as the root cause of this process. She demonstrates the ways that neoliberal policies have forced Mixtecs to migrate and how migration provides the contexts for conversion. Converts challenge the set of customs governing their Mixtec villages by refusing to participate in the Catholic ceremonies and social gatherings that are at the center of traditional village life. The home communities have responded in a number of ways--ranging from expulsion of converts to partial acceptance and adjustments within the village--depending on the circumstances of conversion and number of converts returning. Presenting data and case studies resulting from O'Connor's ethnographic field research in Oaxaca and various migrant settlements in Mexico and the United States, Mixtec Evangelicals explores this phenomenon of globalization and observes how ancient communities are changed by their own emissaries to the outside world. Students and scholars of anthropology, Latin American studies, and religion will find much in this book to inform their understanding of globalization, modernity, indigeneity, and religious change"--$cProvided by publisher
=588  \\$aDescription based on print version record.
=650  \7$aRückwanderung$2gnd
=650  \7$aRückwanderer$2gnd
=650  \7$aReligion$2gnd
=650  \7$aMixteken$2gnd
=650  \7$aEvangelikale Bewegung$2gnd
=650  \7$aAnglikanische Kirche$2gnd
=650  \7$aReturn migration.$2fast$0(OCoLC)fst01096413
=650  \7$aReturn migrants.$2fast$0(OCoLC)fst01748946
=650  \7$aMixtec Indians$xReligion.$2fast$0(OCoLC)fst01024135
=650  \7$aMixtec Indians$xMigrations.$2fast$0(OCoLC)fst01024132
=650  \7$aEvangelicalism.$2fast$0(OCoLC)fst00917002
=650  \7$aSOCIAL SCIENCE$xAnthropology$xGeneral.$2bisacsh
=650  \7$aSOCIAL SCIENCE$xGeneral.$2bisacsh
=650  \7$aRELIGION$xComparative Religion.$2bisacsh
=650  \7$aBODY, MIND & SPIRIT$xSpirituality$xPaganism & Neo-Paganism.$2bisacsh
=650  \6$aÉvangelisme$zMexique$zOaxaca (État)
=650  \6$aMigration de retour$zMexique$zOaxaca (État)
=650  \6$aMixteques$xMigrations.
=650  \6$aMixteques$zMexique$zOaxaca (État)$xReligion.
=650  \0$aEvangelicalism$zMexico$zOaxaca (State)
=650  \0$aReturn migration$zMexico$zOaxaca (State)
=650  \0$aReturn migrants$zMexico$zOaxaca (State)
=650  \0$aMixtec Indians$xMigrations.
=650  \0$aMixtec Indians$zMexico$zOaxaca (State)$xReligion.
=651  \7$aOaxaca$gStaat$2gnd
=651  \7$aMexiko$2gnd
=651  \7$aMexico$zOaxaca (State)$2fast$0(OCoLC)fst01330580
=655  \0$aElectronic book.
=655  \7$aElectronic books. $2local
=710  2\$aProject Muse.$edistributor
=830  \0$aBook collections on Project MUSE.
=880  00$6505-00/(Q$tN⁺ёuu Shaavi, The Land of Rain.$tBrief history of the Mixteca region --$tSpanish conquest and afterward --$tPolitical organization in the Mixteca area --$tPolitics in Mixtec villages : Usos y Costumbres --$tPolitics and religion --$tMigration and religious change --$tChurches --$tConversion process --$tHermana Adela : migrant and convert --$tNon-Catholic churches in the Mixteca region --$tResponse of the Catholic Church to religious change --$tMixtecs and Modernity.$tModernity, indigeneity, and religious conversion --$tModernity and religion --$t"The great transformation" --$tGlobalization and neoliberalism --$tMixtecs in the New World Order --$tGlobalization, migration, and modernity --$tCultural remittances --$tMixtec communities in the context of globalization --$tGlobalization and religious conversion --$tIndigenous modernities --$tSan Juan Mixtepec : N⁺ёuu Vicu, the Land of Clouds.$tMunicipio --$tSetting --$tTwo Agencias : San Lucas and San Pedro Yososcua⁺ѓ$tRelations between Catholics and non-Catholics --$tNon-Catholic churches in Yososcua⁺ѓ$tRelations between Catholics and non-Catholics in Yososcua⁺ѓ$tMigration and religious change --$tSocial and economic indicators --$tModernity and Usos y Costumbres --$tSan Juan Diquiyu⁺ѓ Village on a Rock.$tWhy San Juan Diquiyu⁺ѓ$tSetting --$tVillage of San Juan Diquiyu⁺ѓ$tFiesta system --$tOrthodox and folk Catholicism --$tNon-Catholics in San Juan Diquiyu⁺ѓ$tSeventh-Day Adventists --$tTrinitarians in San Juan Diquiyu⁺ѓ$tConflict, peace, and ridicule --$tColonia Sinai⁺ѓ Los Expulsados.$tVillage --$tExpulsion --$tAfter the expulsion --$tReturn to the village --$tFour communities compared --$tVariations on a Theme --$tSettings --$tLanguage and religion --$tSocioeconomic characteristics of the communities --$tMigration and community development --$tCatholics and non-Catholics --$tUsos y Costumbres in three communities --$tMigration, religious change, and modernity --$tMixtec Diaspora.$tMixtec migrants in Mexico --$tConversion in Culiaca⁺ѓn --$tMiguel Alema⁺ѓn, Sonora --$tNon-Catholics in Miguel Alema⁺ѓn --$tBaja California --$tSan Quinti⁺ѓn --$tTijuana --$tMixtecs in the United States --$tCalifornia --$tOregon and Washington --$tGenerations, present and future --$tEthnic organizations --$tThe IJA : an alternative to ethnic organizations--$tMixtec Diaspora--$tMixtecs in the modern world-system --$tTransnational communities and religious conversion --$tMixtec villages as transnational communities --$tTransnational studies, globalization, and religious conversion --$tSelective modernity --$tToward a general explanation of religious conversion.
=880  0\$6505-00/(Q$aChapter 1. N⁺ёuu Shaavi, The Land of Rain -- Chapter 2. Mixtecs and Modernity -- Chapter 3. San Juan Mixtepec -- Chapter 4. San Juan Diquiyu⁺ѓ Chapter 5. Colonia Sinai⁺ѓ Chapter 6. Four Communities Compared -- Chapter 7. Mixtec Diaspora-- Chapter 8. Concluding Remarks.
=856  40$zFull text available: $uhttps://muse.jhu.edu/book/48436/
=945  \\$aProject MUSE - 2016 Native American and Indigenous Studies
=945  \\$aProject MUSE - 2016 Archaeology and Anthropology
=945  \\$aProject MUSE - 2016 Complete

