=LDR  05565cam a22008294a 4500
=001  musev2_51414
=003  MdBmJHUP
=005  20241011132349.0
=006  m\\\\\o\\d\\\\\\\\
=007  cr||||||||nn|n
=008  151022t20152015enk\\\\\o\\\\\\00\0\eng\d
=020  \\$a9781784996963
=020  \\$z1784996963
=035  \\$a(OCoLC)980214780
=040  \\$aMdBmJHUP$cMdBmJHUP
=043  \\$ae-uk---
=050  \4$aRT86.5$b.C65 2015eb
=082  0\$a610.7/3$223
=245  00$aColonial caring : $bA history of colonial and post-colonial nursing / $cedited by Helen Sweet and Sue Hawkins.
=264  \1$aManchester :$bManchester University Press,$c2015.
=264  \3$aBaltimore, Md. :$bProject MUSE, $c2017
=264  \4$c&copy;2015.
=300  \\$a1 online resource (264 pages): $billustrations, portraits
=336  \\$atext$btxt$2rdacontent
=337  \\$acomputer$bc$2rdamedia
=338  \\$aonline resource$bcr$2rdacarrier
=490  0\$aNursing history and humanities
=500  \\$aTitle from book home page (EBL, viewed August 1, 2016).
=504  \\$aIncludes bibliographical references and index.
=505  00$gIntroduction:$tContextualising colonial and post-colonial nursing /$rHelen Sweet and Sue Hawkins --$tLady amateurs and gentleman professionals :$temergency nursing in the Indian Mutiny /$rSam Goodman --$tImperial sisters in Hong Kong :$tdisease, conflict and nursing in the British Empire, 1880-1914 /$rAngharad Fletcher --$tThe social exploits and behaviour of nurses during the Anglo-Boer War, 1899-1902 /$rCharlotte Dale --$t'They do what you wish; they like you; you the good nurse!' :$tcolonialism and native health nursing in New Zealand, 1900-40 /$rLinda Bryder --$tTraining the 'natives' as nurses in Australia :$tso what went wrong? /$rOdette Best --$tWorking toward health, Christianity and democracy :$tAmerican colonial and missionary nurses in Puerto Rico, 1900-30 /$rWinifred Connerton --$tThe early years of nursing in the Dutch East Indies 1895-1920 /$rLiesbeth Hesselink --$tA sample of Italian fascist colonialism :$tnursing and medical records in the Imperial War in Ethiopia (1935-36) /$rAnna La Torre, Giancarlo Celeri Bellotti and Cecilia Sironi --$tChanges in nuring and missions in post-colonial Nigeria /$rBarbra Mann Wall --$tTwo China 'gadabouts' :$tguerrilla nursing with the Friends Ambulance Unit, 1946-48 /$rSusan Armstrong-Reid --$gAfterword /$rRima D. Apple.
=506  0\$aOpen Access$fUnrestricted online access$2star
=520  \\$aFrom the height of colonialism in the mid-nineteenth century, through to the aftermath of the Second World War, nurses have been at the heart of colonial projects. They were ideally placed to insinuate the 'improving' culture of their employers into the local communities they served, and travelled in droves to far-flung parts of the globe to serve their country. Issues of gender, class and race permeate this book, as the complex relationships between nurses, their medical colleagues, governments and the populations they nursed are examined in detail, using case studies which draw on exciting new sources. Many of the chapters are based on first-hand accounts of nurses and reveal that not all were motivated by patriotic vigour or altruism, but went out in search of adventure. The book will be an essential read for colonial historians, as well as historians of gender and ethnicity.
=542  1\$fThis work is licensed under a Creative Commons license$uhttps://creativecommons.org/licenses/by-nc-nd/4.0/legalcode
=546  \\$aEnglish.
=588  \\$aDescription based on print version record.
=650  \7$aNursing$xSocial aspects$2fast
=650  \7$aNursing$2fast
=650  \7$aMedicine$2fast
=650  \7$aMEDICAL$xHistory.$2bisacsh
=650  \7$aMEDICAL$xOsteopathy.$2bisacsh
=650  \7$aMEDICAL$xHolistic Medicine.$2bisacsh
=650  \7$aMEDICAL$xFamily & General Practice.$2bisacsh
=650  \7$aMEDICAL$xEssays.$2bisacsh
=650  \7$aMEDICAL$xAtlases.$2bisacsh
=650  \7$aMEDICAL$xAlternative Medicine.$2bisacsh
=650  \7$aHEALTH & FITNESS$xReference.$2bisacsh
=650  \7$aHEALTH & FITNESS$xHolism.$2bisacsh
=650  \7$aHistory of medicine.$2bicssc
=650  \7$ahistory of medicine.$2aat
=650  \6$aMedecine$xHistoire.
=650  \6$aSoins infirmiers$xAspect social.
=650  \6$aSoins infirmiers en sante publique$zGrande-Bretagne$xColonies$xHistoire.
=650  22$aColonialism
=650  12$aHistory of Nursing
=650  12$aHistory of Medicine
=650  02$a1900s
=650  02$a1800s
=650  \0$aMedicine$xHistory.
=650  \0$aNursing$xSocial aspects.
=650  \0$aNursing$xHistory.
=650  \0$aPublic health nursing$xColonies$zGreat Britain$xHistory.
=651  \7$aGreat Britain$2fast$1https://id.oclc.org/worldcat/entity/E39PBJdmp7p3cx8hpmJ8HvmTpP
=655  \7$aHistory$2fast
=655  \7$aElectronic books. $2local
=700  1\$aHawkins, Sue,$d1956-$eeditor.$1https://id.oclc.org/worldcat/entity/E39PCjBYTf6Rqj8GTJRXF8tc8C
=700  1\$aSweet, Helen M.,$eeditor.
=758  \\$ihas work:$aColonial caring (Text)$1https://id.oclc.org/worldcat/entity/E39PCGJBvMxfkMChCYVgB4FMyd$4https://id.oclc.org/worldcat/ontology/hasWork
=776  18$iPrint version:$tColonial caring.$dManchester : Manchester University Press, 2015$z9780719099700$w(DLC)  2015452833$w(OCoLC)925311753
=710  2\$aProject Muse.$edistributor
=830  \0$aNursing history and humanities.
=830  \0$aBook collections on Project MUSE.
=856  40$zFull text available: $uhttps://muse.jhu.edu/book/51414/

