=LDR  01856cam a22004694a 4500
=001  musev2_51357
=003  MdBmJHUP
=005  20241011132309.0
=006  m\\\\\o\\d\\\\\\\\
=007  cr||||||||nn|n
=008  151205s2015\\\\enk\\\\\o\\\\\\00\0\eng\d
=020  \\$a9781784991968
=020  \\$z1784991961
=035  \\$a(OCoLC)980296293
=040  \\$aMdBmJHUP$cMdBmJHUP
=245  00$aHuman remains and identification : $bMass violence, genocide, and the 'forensic turn' / $cedited by Élisabeth Anstett and Jean-Marc Dreyfus.
=264  \1$aManchester :$bManchester University Press,$c2015.
=264  \3$aBaltimore, Md. :$bProject MUSE, $c2017
=264  \4$c©2015.
=300  \\$a1 online resource (264 pages): $billustrations
=336  \\$atext$btxt$2rdacontent
=337  \\$acomputer$bc$2rdamedia
=338  \\$aonline resource$bcr$2rdacarrier
=490  0\$aHuman remains and violence
=506  0\$aOpen Access$fUnrestricted online access$2star
=520  8\$aA pioneering investigation into the practices and methodologies used in the search for and exhumation of dead bodies resulting from mass violence.
=588  \\$aDescription based on print version record.
=650  \7$aDead$xIdentification.$2fast$0(OCoLC)fst00888389
=650  \7$aForensic sciences.$2fast$0(OCoLC)fst00932011
=650  \7$aGenocide.$2fast$0(OCoLC)fst00940208
=650  \7$aforensic science.$2aat
=650  \6$aCriminalistique.
=650  \6$aMorts$xIdentification.
=650  \0$aForensic sciences.
=650  \0$aDead$xIdentification.
=650  \0$aGenocide.
=655  \7$aElectronic books. $2local
=700  1\$aGessat-Anstett, Élisabeth,$eeditor.
=700  1\$aDreyfus, Jean-Marc,$eeditor.
=710  2\$aProject Muse.$edistributor
=830  \0$aBook collections on Project MUSE.
=856  40$zFull text available: $uhttps://muse.jhu.edu/book/51357/

