=LDR  03665cam a22006494a 4500
=001  musev2_49240
=003  MdBmJHUP
=005  20241011130314.0
=006  m\\\\\o\\d\\\\\\\\
=007  cr||||||||nn|n
=008  121005s2013\\\\mdu\\\\\o\\\\\\00\0\eng\d
=020  \\$a9781421428437
=020  \\$z9781421409184
=020  \\$z9781421409177
=020  \\$z9781421409160
=035  \\$a(OCoLC)965533250
=040  \\$aMdBmJHUP$cMdBmJHUP
=043  \\$aa-cc---
=050  \4$aJQ1516$b.L67 2013
=082  0\$a320.951$223
=100  1\$aLorenzo, David J.,$d1961-$1https://id.oclc.org/worldcat/entity/E39PCjvcCgftRbmQVDqrbDdxpd
=245  10$aConceptions of Chinese Democracy : $bReading Sun Yat-sen, Chiang Kai-shek, and Chiang Ching-kuo / $cDavid J. Lorenzo.
=264  \1$aBaltimore :$bJohns Hopkins University Press,$c2013.
=264  \3$aBaltimore, Md. :$bProject MUSE, $c2016
=264  \4$c&copy;2013.
=300  \\$a1 online resource (272 pages).
=336  \\$atext$btxt$2rdacontent
=337  \\$acomputer$bc$2rdamedia
=338  \\$aonline resource$bcr$2rdacarrier
=504  \\$aIncludes bibliographical references (pages 237-249) and index.
=505  0\$aDiscussions of democracy in the work of Sun Yat-Sen, Chiang Kai-Shek and Chiang Ching-Kuo -- Sun Yat-Sen: democracy through unity and elitism -- Chiang Kai-Shek: democracy and Chinese tradition -- Chiang Ching-Kuo: democracy in the context of transition -- Taiwanese and mainland chinese democratic thought: liberal or unitary?
=506  0\$aOpen Access$fUnrestricted online access$2star
=520  \\$aStudents of political science and theory, democratization, and Chinese culture and history will benefit from the book's substantive discussions of democracy, and scholars and specialists will appreciate the larger arguments about the influence of these ideas and their transmission through time.
=546  \\$aEnglish.
=588  0\$aDescription based on print version record.
=600  17$aSun, Yat-sen,$d1866-1925$2fast$1https://id.oclc.org/worldcat/entity/E39PBJktrbxv9Ytqf86XJjKcfq
=600  17$aChiang, Kai-shek,$d1887-1975$2fast$1https://id.oclc.org/worldcat/entity/E39PBJjCQdjjg9cR3hXrcWd84q
=600  17$aChiang, Ching-kuo,$d1910-1988$2fast$1https://id.oclc.org/worldcat/entity/E39PBJpYwXVKHbJqYBd7QWpgKd
=600  11$aSun, Yat-sen,$d1866-1925$xPolitical and social views.
=600  11$aChiang, Kai-shek,$d1887-1975$xPolitical and social views.
=600  11$aChiang, Ching-kuo,$d1910-1988$xPolitical and social views.
=600  10$aSun, Yat-sen,$d1866-1925$xPolitical and social views.
=600  10$aChiang, Kai-shek,$d1887-1975$xPolitical and social views.
=600  10$aChiang, Ching-kuo,$d1910-1988$xPolitical and social views.
=650  \7$aPolitical and social views$2fast
=650  \7$aDemocracy$2fast
=650  \7$aPolitical structures: democracy.$2bicssc
=650  \0$aDemocracy$zChina.
=651  \7$aChina$2fast$1https://id.oclc.org/worldcat/entity/E39PBJdCqh8h6hJY7PT6MQW4bd
=653  \\$aPolitical structures: democracy
=655  \7$aElectronic books. $2local
=758  \\$ihas work:$aConceptions of Chinese democracy (Text)$1https://id.oclc.org/worldcat/entity/E39PCFRH3xpMGPqwmTGK4Ky4xC$4https://id.oclc.org/worldcat/ontology/hasWork
=776  18$iPrint version:$aLorenzo, David J., 1961-$tConceptions of Chinese democracy.$dBaltimore : Johns Hopkins University Press, 2013$z9781421409160$z9781421409177$w(DLC)  2012036071$w(OCoLC)812530997
=710  2\$aProject Muse.$edistributor
=830  \0$aBook collections on Project MUSE.
=830  \0$aBook collections on Project MUSE.
=856  40$zFull text available: $uhttps://muse.jhu.edu/book/49240/

