=LDR  03414cam a22006374a 4500
=001  musev2_45890
=003  MdBmJHUP
=005  20241011122641.0
=006  m\\\\\o\\d\\\\\\\\
=007  cr||||||||nn|n
=008  051027s2006\\\\pau\\\\\o\\\\\\00\0\eng\d
=010  \\$z  2005055935
=020  \\$a9781592134731
=020  \\$z9781592134724
=020  \\$z9781592134717
=020  \\$z1592134734
=020  \\$z1592134726
=020  \\$z1592134718
=035  \\$a(OCoLC)966913630
=040  \\$aMdBmJHUP$cMdBmJHUP
=041  \\$aeng
=100  1\$aArluke, Arnold.
=245  10$aJust a Dog : $bUnderstanding Animal Cruelty and Ourselves / $cArnold Arluke.
=264  \1$aPhiladelphia :$bTemple University Press,$c2006.
=264  \3$aBaltimore, Md. :$bProject MUSE, $c2017
=264  \4$c&copy;2006.
=300  \\$a1 online resource (232 pages).
=336  \\$atext$btxt$2rdacontent
=337  \\$acomputer$bc$2rdamedia
=338  \\$aonline resource$bcr$2rdacarrier
=490  0\$aAnimals, culture, and society.
=505  0\$aAgents: feigning authority -- Adolescents: appropriating adulthood -- Hoarders: shoring up self -- Shelter workers: finding authenticity -- Marketers: Celebrating community -- Cruelty is good to think.
=506  0\$aOpen Access$fUnrestricted online access$2star
=520  \\$aPsychiatrists define cruelty to animals as a psychological problem or personality disorder. Legally, animal cruelty is described by a list of behaviors. In Just a Dog, Arnold Arluke argues that our current constructs of animal cruelty are decontextualized--imposed without regard to the experience of the groups committing the act. Yet those who engage in animal cruelty have their own understandings of their actions and of themselves as actors. In this fascinating book, Arluke probes those understandings and reveals the surprising complexities of our relationships with animals. Just a Dog draws from interviews with more than 250 people, including humane agents who enforce cruelty laws, college students who tell stories of childhood abuse of animals, hoarders who chronically neglect the welfare of many animals, shelter workers who cope with the ethics of euthanizing animals, and public relations experts who use incidents of animal cruelty for fundraising purposes.
=546  \\$aIn English.
=588  \\$aDescription based on print version record.
=650  \7$aHuman-animal relationships$xPsychological aspects.$2fast$0(OCoLC)fst00963487
=650  \7$aAnimal welfare.$2fast$0(OCoLC)fst00809431
=650  \7$aAnimal rights.$2fast$0(OCoLC)fst00809364
=650  \7$aSOCIAL SCIENCE$vGeneral.$2bisacsh
=650  \7$aSOCIAL SCIENCE$xGeneral.$2bisacsh
=650  \7$aNATURE$xAnimal Rights.$2bisacsh
=650  \7$aSOCIAL SCIENCE$vGeneral.$2bisach
=650  \7$aNATURE$xAnimal Rights.$2bisach
=650  \6$aRelations homme-animal$xAspect psychologique.
=650  \6$aAnimaux$xDroits.
=650  \0$aHuman-animal relationships$xPsychological aspects.
=650  \0$aAnimal rights.
=650  \0$aAnimal welfare.
=655  \4$aComputer network resources.
=655  \7$aElectronic books. $2local
=710  2\$aProject Muse.$edistributor
=830  \0$aBook collections on Project MUSE.
=856  40$zFull text available: $uhttps://muse.jhu.edu/book/45890/
=945  \\$aProject MUSE - Archive Complete Supplement V
=945  \\$aProject MUSE - Archive Global Cultural Studies Supplement V

