=LDR  03302cam a22006014a 4500
=001  musev2_45929
=003  MdBmJHUP
=005  20241011122709.0
=006  m\\\\\o\\d\\\\\\\\
=007  cr||||||||nn|n
=008  060619s2007\\\\pau\\\\\o\\\\\\00\0\eng\d
=010  \\$z  2019667925
=020  \\$a9781592134922
=020  \\$z1592134912
=020  \\$z9781592134915
=020  \\$z9781592134908
=020  \\$z1592134904
=020  \\$z1592134920
=035  \\$a(OCoLC)966803412
=040  \\$aMdBmJHUP$cMdBmJHUP
=100  1\$aLarkin, Ralph W.,$d1940-
=245  10$aComprehending Columbine / $cRalph W. Larkin.
=264  \1$aPhiladelphia :$bTemple University Press,$c2007.
=264  \3$aBaltimore, Md. :$bProject MUSE, $c2017
=264  \4$c&copy;2007.
=300  \\$a1 online resource (264 pages).
=336  \\$atext$btxt$2rdacontent
=337  \\$acomputer$bc$2rdamedia
=338  \\$aonline resource$bcr$2rdacarrier
=505  0\$aArmageddon (well, almost) -- God's country -- Cultural wars at Columbine -- The peer structure of Columbine High -- The other Columbine -- Eric and Dylan -- From Oklahoma City to Columbine -- Dead celebrities -- Give peace a chance -- Methodological appendix.
=506  0\$aOpen Access$fUnrestricted online access$2star
=520  \\$aOn April 20, 1999, two Colorado teenagers went on a shooting rampage at Columbine High School. That day, Eric Harris and Dylan Klebold killed twelve fellow students and a teacher, as well as wounding twenty-four other people, before they killed themselves. Although there have been other books written about the tragedy, this is the first serious, impartial investigation into the cultural, environmental, and psychological causes of the massacre. Based on first-hand interviews and a thorough reading of the relevant literature, Ralph Larkin examines the numerous factors that led the two young men to plan and carry out their deed. Rather than simply looking at Columbine as a crucible for all school violence, Larkin places the tragedy in its proper context, and in doing so, examines its causes and meaning.
=546  \\$aEng.
=588  \\$aDescription based on print version record.
=610  27$aColumbine High School (Littleton, Colo.)$2fast$0(OCoLC)fst00750505
=610  26$aColumbine High School (Littleton, Col.)
=610  20$aColumbine High School (Littleton, Colo.)
=650  \7$aSchool violence.$2fast$0(OCoLC)fst01107915
=650  \7$aSchool shootings.$2fast$0(OCoLC)fst01107761
=650  \7$aEDUCATION$xSecondary.$2bisacsh
=650  \7$aEDUCATION$xEducational Policy & Reform$xSchool Safety.$2bisacsh
=650  \6$aTuerie de la Columbine High School, Littleton, Col., 1999.
=650  \6$aViolence dans les ecoles$zColorado.
=650  \0$aSchool violence$zColorado.
=650  \0$aColumbine High School Massacre, Littleton, Colo., 1999.
=651  \7$aColorado$zLittleton.$2fast$0(OCoLC)fst01210907
=651  \7$aColorado.$2fast$0(OCoLC)fst01210251
=655  \7$aElectronic books. $2local
=710  2\$aProject Muse.$edistributor
=830  \0$aBook collections on Project MUSE.
=856  40$zFull text available: $uhttps://muse.jhu.edu/book/45929/
=945  \\$aProject MUSE - Archive Complete Supplement V
=945  \\$aProject MUSE - Archive Political Science and Policy Studies Supplement V

