=LDR  03475cam a22005534a 4500
=001  musev2_46333
=003  MdBmJHUP
=005  20241011123155.0
=006  m\\\\\o\\d\\\\\\\\
=007  cr||||||||nn|n
=008  150319t20142014ne\\\\\\o\\\\\\00\0\eng\d
=020  \\$a9789400602038
=020  \\$z9789087282226
=035  \\$a(OCoLC)966768424
=040  \\$aMdBmJHUP$cMdBmJHUP
=100  1\$aCate, Arthur ten,$eauthor.
=245  12$aA Gentle Occupation : $bDutch Military Operations in Iraq, 2003-2005 / $cArthur ten Cate, Thijs Brocades Zaalberg.
=264  \1$a[Leiden, Netherlands] :$bLeiden University Press,$c2014.
=264  \3$aBaltimore, Md. :$bProject MUSE, $c2017
=264  \4$c©2014.
=300  \\$a1 online resource (352 pages).
=336  \\$atext$btxt$2rdacontent
=337  \\$acomputer$bc$2rdamedia
=338  \\$aonline resource$bcr$2rdacarrier
=505  0\$aFront -- Contents -- Introduction -- 1 Towards Iraq -- 2 â€? A sandpit under Dutch controlâ€? -- 3 Governing in the midst of chaos -- 4 Creating a secure environment -- 5 Caught between a power struggle and an uprising -- 6 Reconstruction -- 7 Dutch approach? -- Acknowledgements -- Select bibliography -- Abbreviations and acronyms -- Notes -- Index
=506  0\$aOpen Access$fUnrestricted online access$2star
=520  \\$aThis book analyses the way Dutch forces conducted military stabilization operations in the aftermath of the 2003 U.S.-led invasion in Iraq. It looks at why, in contrast to most allied troops elsewhere in Iraq, Dutch forces in Al Muthanna province met with little resistance and left Iraq self-confident of their ability to deal with this type of military operation. On the basis of extensive archival research and interviews, the authors examine the way the Dutch government consciously framed this mission as different from the American and British occupation and often in contrast to the actual situation on the ground. Furthermore, they unravel the widespread idea of a unique and more effective 'Dutch approach', by dealing with the Dutch case in detail and by subsequently examining it in the context of the Coalition Forces' experiences. In the end, they argue that despite effective tactical reflexes by battle group commanders, stability in Al Muthanna was first and foremost conditions-driven rather than the result of a unique approach by Dutch military forces.
=588  \\$aDescription based on print version record.
=650  \7$aVäpnade styrkor.$2sao
=650  \7$aMilitära operationer.$2sao
=650  \7$aIrakkriget 2003-$2sao
=650  \7$aMilitary assistance, American.$2fast$0(OCoLC)fst01020932
=650  \7$aHISTORY$xMilitary$xIraq War (2003-2011)$2bisacsh
=650  \7$aMilitary history : post WW2 conflicts.$2bicssc
=650  \7$aMilitary history.$2bicssc
=650  \7$aHumanities.$2bicssc
=650  \7$aHistory.$2bicssc
=650  \6$aAssistance militaire americaine$zIrak.
=650  \6$aGuerre en Irak, 2003-2011.
=650  \0$aMilitary assistance, American$zIraq.
=650  \0$aIraq War, 2003-2011.
=651  \7$aIraq.$2fast$0(OCoLC)fst01205757
=655  \7$aElectronic books. $2local
=700  1\$aBrocades Zaalberg, Thijs,$eauthor.
=710  2\$aProject Muse.$edistributor
=830  \0$aBook collections on Project MUSE.
=856  40$zFull text available: $uhttps://muse.jhu.edu/book/46333/
=945  \\$aProject MUSE - Archive Complete Supplement V
=945  \\$aProject MUSE - Archive History Supplement V

