=LDR  04243cam a22006014a 4500
=001  musev2_46345
=003  MdBmJHUP
=005  20241011123204.0
=006  m\\\\\o\\d\\\\\\\\
=007  cr||||||||nn|n
=008  111102s2012\\\\ne\\\\\\o\\\\\\00\0\eng\d
=020  \\$a9789400600799
=020  \\$z9087281579
=020  \\$z9400600798
=020  \\$z9789087281571
=035  \\$a(OCoLC)966841836
=040  \\$aMdBmJHUP$cMdBmJHUP
=245  04$aThe Great 'Umar Khayyam : $bA Global Reception of the Rubáiyát / $cA.A. Seyed-Gohrab (ed.).
=264  \1$aAmsterdam :$bAmsterdam University Press,$c2012.
=264  \3$aBaltimore, Md. :$bProject MUSE, $c2017
=264  \4$c©2012.
=300  \\$a1 online resource (270 pages): $billustrations
=336  \\$atext$btxt$2rdacontent
=337  \\$acomputer$bc$2rdamedia
=338  \\$aonline resource$bcr$2rdacarrier
=500  \\$aIncludes index.
=505  0\$aThe Great 'Umar Khayyaem; Contents; Acknowledgments; Khayyaem's Universal Appeal: Man, Wine, and the Hereafter in the Quatrains; Reading the Rubae <iyyaet as "ResistanceLiterature"; Some <Umarian Quatrains from the Lifetime of<Umar Khayyām; Between Tavern and Madrasa: <Umar Khayyaem the Scientist; The Arab <Umar Khayyaem; Singing the quatrains Omar Khayyām and Umm Kulthūm; Quatrains of <Umar Khayyaem in Turkish, and Turkish Quatrains; Other Persian Quatrains in Holland: the Roseraie du Savoir of "usayn-i AEzaed; <Umar Khayyaem's Impact on Dutch Literature; Bitter Certainty: J.H. Leopold On <UmarKhayyaem.
=505  0\$aHow <Umar Khayyaem Inspired Dutch VisualArtistsThe Legacy of <Umar Khayyaem in Music of theNetherlands; The Russian perception of Khayyaem: from text toimage; The Translation of <Umar Khayyaem's Poetry into Georgian -- a Touchstone of Translators; The Reception of FitzGerald's Rubáiyát of <UmarKhayyám by the Victorians; Vernacularizing Rubaiyat: the Politics of Madhushala in the context of the Indian Nationalism; Attempts at locating the Rubáiyát in Indian Philosophical thought; An <Umar Khayyaem Database; Index.
=506  0\$aOpen Access$fUnrestricted online access$2star
=520  8\$aThe Rubáiyát by the Persian poet 'Umar Khayyaem (1048-1131) is used in contemporary Iran as a resistance literature, symbolizing the secularist voice in cultural debates. While Islamic fundamentalists criticize Khayyaem as an atheist and materialist philosopher who questions God's creation and the promise of reward or punishment in the hereafter, secularist intellectuals see in him an example of a scientist who scrutinizes the mysteries of the world. Others see a spritual master, a Sufi, who guides people to the truth. This volume collects eighteen essays on the history of the reception of 'Umar Khayyaem in various literary traditions, exporing how his philosophy of doubt, carpe diem, hedonism, and in vino veritas has inspired generations of poets, novelists, painters, musicians, calligraphers and film-makers.
=588  \\$aDescription based on print version record.
=600  07$aOmar Khayyam.$2fast$0(OCoLC)fst00042562
=600  00$aOmar Khayyam.
=650  \7$aQuatrains, Persian.$2fast$0(OCoLC)fst01085515
=650  \7$aPoetry.$2bicssc
=650  \7$aPoetry by individual poets.$2bicssc
=650  \7$aPersian (Farsi)$2bicssc
=650  \7$aLiterature: history and criticism.$2bicssc
=650  \7$aLiterature and literary studies.$2bicssc
=650  \7$aLiterary studies: general.$2bicssc
=650  \7$aLiterary studies: classical, early and medieval.$2bicssc
=650  \7$aIndo-Iranian languages.$2bicssc
=650  \7$aIndic, East Indo-European and Dravidian languages.$2bicssc
=650  \7$aLITERARY CRITICISM$xGeneral.$2bisacsh
=650  \0$aQuatrains, Persian.
=655  \7$aElectronic books. $2local
=700  1\$aSeyed-Gohrab, A. A.$q(Ali Asghar),$d1968-
=710  2\$aProject Muse.$edistributor
=830  \0$aBook collections on Project MUSE.
=856  40$zFull text available: $uhttps://muse.jhu.edu/book/46345/
=945  \\$aProject MUSE - Archive Middle Eastern Studies Supplement II
=945  \\$aProject MUSE - Archive Complete Supplement V
=945  \\$aProject MUSE - Archive Literature Supplement V

