=LDR  03403cam a22006014a 4500
=001  musev2_46346
=003  MdBmJHUP
=005  20241011123204.0
=006  m\\\\\o\\d\\\\\\\\
=007  cr||||||||nn|n
=008  130415t20122012ne\\\\\\o\\\\\\00\0\eng\d
=010  \\$z  2013380264
=020  \\$a9789400600775
=020  \\$z9400600771
=020  \\$z9789087281564
=020  \\$z9087281560
=035  \\$a(OCoLC)834550459
=040  \\$aMdBmJHUP$cMdBmJHUP
=041  1\$aeng$aara$hara
=100  1\$aPerez González, Carmen,$d1969-$eauthor.
=245  10$aLocal Portraiture : $bThrough the Lens of the 19th Century Iranian Photographers / $cCarmen Perez González.
=264  \1$aLeiden :$bLeiden University Press,$c[2012]
=264  \3$aBaltimore, Md. :$bProject MUSE, $c2017
=264  \4$c©[2012]
=300  \\$a1 online resource (330 pages): $bfacsimiles, illustrations (some color), portraits (some color).
=336  \\$atext$btxt$2rdacontent
=337  \\$acomputer$bc$2rdamedia
=338  \\$aonline resource$bcr$2rdacarrier
=490  0\$aIranian Studies Series
=505  0\$aVisual literacy : the relationship between the direction of writing and composition -- The written image : text and photography -- Pose, gesture and objects held by the sitter -- Arrangement of space -- Interactions between Western and Iranian photography.
=506  0\$aOpen Access$fUnrestricted online access$2star
=520  \\$aPhotography is clearly not a mirror of daily life: that images are constructions is especially obvious in19th-century studio portrait photography. This book explores how indigenous Iranian photographers constructed their own realities in contrast to how foreign photographers constructed Iranians' realities. Through an in-depth comparative visual analysis of 19th-century Iranian portrait photography and Persian painting, the author arrives at the insight that aesthetic preferences correlate with socio-cultural habits and practices in writing, reading and looking. Subsequently, she advocates for a place in a global history of photography for those unknown, local photo histories (such as the Iranian one) and for the indigenous photographers who produced them.
=546  \\$aIn English; occasional phrases in Arabic with English translations.
=588  \\$aDescription based on print version record.
=650  \6$aPortraits (Photographie)$zIran$xHistoire$y19e siecle.
=650  \7$aPortrait photography.$2fast$0(OCoLC)fst01072259
=650  \7$aTECHNOLOGY & ENGINEERING$xImaging Systems.$2bisacsh
=650  \7$aPHOTOGRAPHY$xReference.$2bisacsh
=650  \7$aCOMPUTERS$xDigital Media$xPhotography.$2bisacsh
=650  \0$aPortrait photography$zIran$xHistory$y19th century.
=651  \7$aIran.$2fast$0(OCoLC)fst01204889
=651  \0$aIran$vBiography$vPortraits.
=655  \7$aPortraits.$2fast$0(OCoLC)fst01423831
=655  \7$aHistory.$2fast$0(OCoLC)fst01411628
=655  \7$aBiographies.$2fast$0(OCoLC)fst01919896
=655  \0$aElectronic book.
=655  \7$aElectronic books. $2local
=710  2\$aProject Muse.$edistributor
=830  \0$aBook collections on Project MUSE.
=856  40$zFull text available: $uhttps://muse.jhu.edu/book/46346/
=945  \\$aProject MUSE - Archive Middle Eastern Studies Supplement II
=945  \\$aProject MUSE - Archive Complete Supplement V
=945  \\$aProject MUSE - Archive Global Cultural Studies Supplement V

