=LDR  03585cam a22006614a 4500
=001  musev2_46347
=003  MdBmJHUP
=005  20241011123205.0
=006  m\\\\\o\\d\\\\\\\\
=007  cr||||||||nn|n
=008  130419t20122012ne\\\\\\o\\\\\\00\0\eng\d
=010  \\$z  2013445090
=020  \\$a9789400600553
=020  \\$z9087281374
=020  \\$z9789087281373
=020  \\$z9400600550
=035  \\$a(OCoLC)966821709
=040  \\$aMdBmJHUP$cMdBmJHUP
=245  00$aNewton and the Netherlands : $bHow Isaac Newton was Fashioned in the Dutch Republic / $cedited by Eric Jorink and Ad Maas.
=264  \1$aAmsterdam :$bLeiden University Press,$c[2012]
=264  \3$aBaltimore, Md. :$bProject MUSE, $c2017
=264  \4$c©[2012]
=300  \\$a1 online resource (256 pages): $billustrations ;
=336  \\$atext$btxt$2rdacontent
=337  \\$acomputer$bc$2rdamedia
=338  \\$aonline resource$bcr$2rdacarrier
=500  \\$a"Museum Boerhaave, Leiden"--Cover.
=505  0\$aThe Miracle of Our Time' How Isaac Newton was fashioned in the Netherlands / Huib Zuidervaart -- Servant of Two Masters Fatio de Duillier between Christiaan Huygens and Isaac Newton / Rob Iliffe -- How Newtonian Was Herman Boerhaave? / Rina Knoeff -- The Man Who Erased Himself / Willem Jacob -- Ad Maas ̀The Wisest Man to Whom this Earth Has as Yet Given Birth' Petrus van Musschenbroek and the limits of Newtonian natural philosophy / Kees de Pater -- Low Country Opticks The optical pursuits of Lambert ten Kate and Daniel Fahrenheit in early Dutch Ǹewtonianism' / Fokko Jan Dijksterhuis -- Defining the Supernatural The Dutch Newtonians, the Bible and the Laws of Nature / Rienk Vermij -- Anti-Newtonianism and Radical Enlightenment / Jordy Geerlings -- Newtonianism at the Dutch Universities during the Enlightenment The teaching of ̀philosophy' from Gravesande to Van Swinden / Henri Krop.
=506  0\$aOpen Access$fUnrestricted online access$2star
=520  \\$aIn the course of the eighteenth century, Newton's ideas (in different guises and interpretations) became a veritable hype in Dutch society. In Newton & the Netherlands Newton's sudden success is analyzed in great depth and put into a new perspective.
=588  \\$aDescription based on print version record.
=600  17$aNewton, Isaac,$d1642-1727$2fast$0(OCoLC)fst01801333
=600  10$aNewton, Isaac,$d1642-1727.
=650  \7$aNaturhistoria.$2sao
=650  \7$aPhysics$xPhilosophy.$2fast$0(OCoLC)fst01063079
=650  \7$aPhilosophy, Dutch.$2fast$0(OCoLC)fst01060943
=650  \7$aNatural theology.$2fast$0(OCoLC)fst01034530
=650  \7$aNatural history$xPhilosophy.$2fast$0(OCoLC)fst01034300
=650  \7$aNatural history.$2fast$0(OCoLC)fst01034268
=650  \6$aTheologie naturelle.
=650  \6$aSciences naturelles$xPhilosophie.
=650  \6$aPhysique$xPhilosophie.
=650  \6$aSciences naturelles$zPays-Bas.
=650  \0$aPhilosophy, Dutch.
=650  \0$aNatural theology.
=650  \0$aNatural history$xPhilosophy.
=650  \0$aPhysics$xPhilosophy.
=650  \0$aNatural history$zNetherlands.
=651  \7$aNederländerna.$2sao
=651  \7$aNetherlands.$2fast$0(OCoLC)fst01204034
=655  \7$aElectronic books. $2local
=700  1\$aMaas, Ad,$d1970-$eeditor.
=700  1\$aJorink, Eric,$eeditor.
=710  2\$aProject Muse.$edistributor
=830  \0$aBook collections on Project MUSE.
=856  40$zFull text available: $uhttps://muse.jhu.edu/book/46347/
=945  \\$aProject MUSE - Archive Complete Supplement V
=945  \\$aProject MUSE - Archive History Supplement V

