=LDR  05966cam a22005894a 4500
=001  musev2_46348
=003  MdBmJHUP
=005  20241011123206.0
=006  m\\\\\o\\d\\\\\\\\
=007  cr||||||||nn|n
=008  110907s2011\\\\ne\\\\\\o\\\\\\00\0\eng\d
=020  \\$a9789400600201
=020  \\$z9789087280994
=020  \\$z9400600208
=020  \\$z9087280998
=035  \\$a(OCoLC)966898869
=040  \\$aMdBmJHUP$cMdBmJHUP
=245  00$aBending Opinion : $bEssays on Persuasion in the Public Domain / $cedited by Ton Van Haaften [and others].
=264  \1$aLeiden :$bLeiden University Press,$c2011.
=264  \3$aBaltimore, Md. :$bProject MUSE, $c2017
=264  \4$c&copy;2011.
=300  \\$a1 online resource (456 pages): $billustrations
=336  \\$atext$btxt$2rdacontent
=337  \\$acomputer$bc$2rdamedia
=338  \\$aonline resource$bcr$2rdacarrier
=490  0\$aRhetoric in society
=505  00$tIntroduction /$rTon van Haaften [and others] --$gPart I:$tFundamentals of Rhetoric.$tDeliberation, Free Speech and the Marketplace of Ideas /Ineke Sluiter --$tRhetoric, Classicism and Democracy: The Conveyance of Moral and Political Values in Late Antique Rhetorical Education /$rManfred Kraus --$tMelody and Rhythm in Ancient Political Discourse. On How Emotions Induce Persuasion /$rMarie Formarier --$tGeneralizing Stasis Theory for Everyday Use /$rChristian Kock --$tRhetoric and Argumentation /$rJ. Anthony Blair --$gPart II:$tThe Rhetoric of Verbal Presentation.$tGeneralizing about the Persuasive Effects of Message Variations: The Case of Gain-Framed and Loss-Framed Appeals /$rDaniel J. O'Keefe --$tThe Contribution of Praeteritio to Arguers' Strategic Maneuvering in the Argumentation Stage of a Discussion /$rFrancisca Snoeck Henkemans --$tLimits and Effects of Reductio ad Absurdum Argumentation /$rHenrike Jansen and Marianne Dingemanse and Ingrid Persoon --$tProfessionalizing Speech Production. Changes in 15 Years of Ministerial Speeches /$rJaap de Jong and Bas Andeweg --$tThe Correlation between Style and Argument in Newspaper Columns /$rHilde van Belle --$gPart III:$tRhetoric and the Media --$tIf This Goes On ... : The Rhetorical Construction of Future Problems /$rJoel Best --$tExploring Everyday Ethos. Ethos Techniques in Online Discussions about Extraordinary Experiences /$rPeter Burger and Lotte Anemaet --$tThe Popular Virgin and the Wolf in Sheep's Clothing: A Case Study of the Imaging of Victims and Offenders /$rWillem Koetsenruijter and Gabry Vanderveen --$t"Conceptual and Fanciful" or "a Depiction of Reality": Exploiting Visual Modality to Claim Environmental Ethos in UK Advertizements for Automotive and Energy Companies (2007-2008) /$rSusan Hogben --$gPart IV:$tRhetoric and Politics.$tRhetoric and the (Re)Constitution of Collective Identity: The Example of Poland /$rCezar M. Ornatowski --$tSymbolic Power: Political Rhetoric in a State of Exception /$rBart van Klink, Olivier Lembcke and Pablo Leandro Ciocchini --$tDo New Parties Bring Personalization, a Narrow Issue Agenda and Populist Rhetoric? Evidence from Dutch Election Campaign Coverage from 1998 to 2006 /$rJanet Takens [and others] --$tParliamentary Debate and Political Culture: The Dutch Case /$rTon van Haaften --$gPart V:$tThe Rhetoric of Topoi.$tTalking about Sustainability: Responses to Frames in Persuasive Messages about Sustainable Agriculture and Food /$rBaldwin van Gorp and Margot van der Goot --$tResponding to Expert Arguments Emerging Lay Topoi in Focus Group Interviews on GM Crops /$rAnders Horsbol --$tSpeaking of Terror: Challenging Norms of Rhetorical Citizenship in Danish Public Discourse /$rLisa Storm Villadsen --$tStrategic Maneuvering with Linguistic Arguments in the Justification of Judicial Decisions /$rEveline Feteris.
=505  0\$apt. 1. Fundamentals of rhetoric -- pt. 2. The rhetoric of verbal presentation -- pt. 3. Rhetoric and the media -- pt. 4. Rhetoric and politics -- pt. 5. The rhetoric of Topoi.
=506  0\$aOpen Access$fUnrestricted online access$2star
=520  \\$a"Rhetoric is, from both a practical and a theoretical perspective, essential to the conduct, analysis and evaluation of public debates. After all, the idea of Democracy is closely intertwined with the ideal of transparent decision-making on the basis of open high-quality discussions in the public domain. From classical antiquity till the present time, methods of organizing and conducting public debate and decision-making by which public speakers can effectively construe their message to persuade or to bend opinions of others have been hotly contested. "Bending opinion" is a collection of essays by distinguished international scholars that presents an overview of the state of interdisciplinary scholarship on the art of rhetoric and the varied approaches and methodologies within it, illustrated with relevant examples and compelling case studies"--Publisher's description
=546  \\$aEnglish.
=588  \\$aDescription based on print version record.
=650  \7$aRhetoric.$2fast$0(OCoLC)fst01096948
=650  \7$aPublic opinion.$2fast$0(OCoLC)fst01082785
=650  \7$aDebates and debating.$2fast$0(OCoLC)fst00888743
=650  \7$aLANGUAGE ARTS & DISCIPLINES$xReference.$2bisacsh
=650  \7$aLANGUAGE ARTS & DISCIPLINES$xLinguistics$xSemantics.$2bisacsh
=650  \7$aFOREIGN LANGUAGE STUDY$xMiscellaneous.$2bisacsh
=650  \7$adebates.$2aat
=650  \6$aDebats et controverses.
=650  \6$aOpinion publique.
=650  \6$aRhetorique.
=650  \0$aDebates and debating.
=650  \0$aPublic opinion.
=650  \0$aRhetoric.
=655  \7$aElectronic books. $2local
=700  1\$aHaaften, Ton van.
=710  2\$aProject Muse.$edistributor
=830  \0$aBook collections on Project MUSE.
=856  40$zFull text available: $uhttps://muse.jhu.edu/book/46348/
=945  \\$aProject MUSE - Archive Complete Supplement V
=945  \\$aProject MUSE - Archive Higher Education Supplement V

