=LDR  02265cam a22004454a 4500
=001  musev2_46349
=003  MdBmJHUP
=005  20241011123206.0
=006  m\\\\\o\\d\\\\\\\\
=007  cr||||||||nn|n
=008  100823s2010\\\\ne\\\\\\o\\\\\\00\0\eng\d
=020  \\$a9789400600171
=020  \\$z9789087280574
=035  \\$a(OCoLC)966903031
=040  \\$aMdBmJHUP$cMdBmJHUP
=245  00$aSharia Incorporated : $bA Comparative Overview of the Legal Systems of Twelve Muslim Countries in Past and Present / $ceditor, Jan Michiel Otto.
=264  \1$aLeiden :$bLeiden University Press,$c2010.
=264  \3$aBaltimore, Md. :$bProject MUSE, $c2017
=264  \4$c&copy;2010.
=300  \\$a1 online resource (676 pages).
=336  \\$atext$btxt$2rdacontent
=337  \\$acomputer$bc$2rdamedia
=338  \\$aonline resource$bcr$2rdacarrier
=490  0\$aLaw, governance, and development
=505  0\$aPreface -- 1. Introduction : investigating the role of sharia in national law -- 2. Sharia and national law in Egypt -- 3. Sharia and national law in Morocco -- 4. Sharia and national law in Saudi Arabia -- 5 Shari'a and national law in the Sudan -- 6. Islam and national law in Turkey -- 7. Sharia and national law in Afghanistan -- 8. Sharia and national law in Iran -- 9. Sharia and national law in Pakistan -- 10. Sharia and national law in Indonesia -- 11. Sharia and national law in Malaysia -- 12. Sharia and national law in Mali.
=506  0\$aOpen Access$fUnrestricted online access$2star
=520  \\$aComparative analysis of sharia and its relation to national law in a broad range of Muslim countries.
=588  \\$aDescription based on print version record.
=650  \7$aIslamic law.$2fast$0(OCoLC)fst00979949
=650  \7$aRELIGION$xIslam$xLaw.$2bisacsh
=650  \6$aDroit islamique.
=650  \0$aIslamic law.
=655  \7$aElectronic books. $2local
=700  1\$aOtto, Jan Michiel,$d1952-
=710  2\$aProject Muse.$edistributor
=830  \0$aBook collections on Project MUSE.
=856  40$zFull text available: $uhttps://muse.jhu.edu/book/46349/
=945  \\$aProject MUSE - Archive Middle Eastern Studies Supplement II
=945  \\$aProject MUSE - Archive Complete Supplement V
=945  \\$aProject MUSE - Archive History Supplement V

