=LDR  03609cam a22005414a 4500
=001  musev2_46350
=003  MdBmJHUP
=005  20241011123207.0
=006  m\\\\\o\\d\\\\\\\\
=007  cr||||||||nn|n
=008  160630r20162010ne\\\\\\o\\\\\\00\0\eng\d
=020  \\$a9789400600164
=020  \\$z9789087280925
=035  \\$a(OCoLC)966859941
=040  \\$aMdBmJHUP$cMdBmJHUP
=041  1\$aeng$aper$hper
=050  \4$aPK6530$b.T334 2010
=100  1\$aTabatabai, Sassan,$d1967-$eauthor.
=245  10$aFather of Persian Verse : $bRudaki and his Poetry / $cSassan Tabatabai.
=264  \1$aBaltimore, Maryland :$bProject Muse,$c2016
=264  \3$aBaltimore, Md. :$bProject MUSE, $c2017
=264  \4$c©2016
=300  \\$a1 online resource (124 pages).
=336  \\$atext$btxt$2rdacontent
=337  \\$acomputer$bc$2rdamedia
=338  \\$aonline resource$bcr$2rdacarrier
=490  0\$aIranian studies series
=500  \\$aIssued as part of book collections on Project MUSE.
=504  \\$aIncludes bibliographical references (pages [119]-122).
=505  0\$aIntroduction -- The poetry of Rudaki -- Elegies -- Panegyric poems -- Poems of complaint -- Meditations on life, death and destiny -- Love and its afflictions -- Nature poems -- Wine poems -- Rubāʻiyāt.
=506  0\$aOpen Access$fUnrestricted online access$2star
=520  \\$aAbu 'Abdollâh' Jafar ibn Mohammad Rudaki (c. 880 CE-941 CE) was a poet to the Samanid court which ruled much of Khorâsân (northeastern Persia) from its seat in Bukhara. He is widely regarded as "the father of Persian poetry, for he was the first major poet to write in New Persian language, following the Arab conquest in the seventh and eighth centuries, which established Islam as the official religion, and made Arabic the predominant literary language in Persian-speaking lands for some two centuries. In the tenth century the Caliphate power, with headquarters in Bagdad, gradually weakened. The remoteness of Khorâsân, where Rudaki was based, provided a hospitable atmosphere for a "renaissance" of Persian literature. Persian poetry-now written in the Arabic alphabet-flourished under the patronage of the Samanid amirs, who drew literary talent to their court. Under the rule of Nasr ibn Ahmad II (r. 914-943), Rudaki distinguished himself as the brightest literary star of the Samanid court. This book presents Rudaki as the founder of a new poetic aesthetic, which was adopted by subsequent generations of Persian poets. Rudaki is credited with being the first to write in the rubâi form; and many of the images we first encounter in Rudaki's lines have become staples of Persian poetry.
=546  \\$aEnglish and Persian on opposite pages.
=588  \\$aDescription based on print version record.
=600  00$aRūdakī,$dactive 10th century$vTranslations into English.
=600  00$aRūdakī,$dactive 10th century$xCriticism and interpretation.
=650  \0$aQuatrains, Persian$vTranslations into English.
=650  \0$aQuatrains, Persian$xHistory and criticism.
=655  \7$aElectronic books. $2local
=710  2\$aProject Muse,$edistributor.
=776  18$iPrint version:$z9087280920$z9789087280925
=710  2\$aProject Muse.$edistributor
=830  \0$aIranian studies series (Leiden, Netherlands)
=830  \0$aBook collections on Project MUSE.
=856  40$zFull text available: $uhttps://muse.jhu.edu/book/46350/
=945  \\$aProject MUSE - Archive Middle Eastern Studies Supplement II
=945  \\$aProject MUSE - Archive Complete Supplement V
=945  \\$aProject MUSE - Archive Literature Supplement V

