=LDR  07344cam a22006254a 4500
=001  musev2_46352
=003  MdBmJHUP
=005  20241011123208.0
=006  m\\\\\o\\d\\\\\\\\
=007  cr||||||||nn|n
=008  100902s2011\\\\ne\\\\\\o\\\\\\00\0\eng\d
=010  \\$z  2019667773
=020  \\$a9789400600140
=035  \\$a(OCoLC)966803154
=040  \\$aMdBmJHUP$cMdBmJHUP
=245  02$aA Key to the Treasure of the Hakim : $bArtistic and Humanistic Aspects of Nizami Ganjavi's Khamsa / $cedited by Johan Christoph Bürgel and Christine van Ruymbeke.
=264  \1$aLeiden :$bLeiden University Press,$c[2011]
=264  \3$aBaltimore, Md. :$bProject MUSE, $c2017
=264  \4$c©[2011]
=300  \\$a1 online resource (306 pages).
=336  \\$atext$btxt$2rdacontent
=337  \\$acomputer$bc$2rdamedia
=338  \\$aonline resource$bcr$2rdacarrier
=490  0\$aIranian studies series
=500  \\$aIncludes thirteen essays by eminent scholars in the field of Persian Studies, each focusing on different aspects of the Khamsa, which is a collection of five long poems written by the Persian poet Nizami of Ganja. Nizami (1141-1209) lived and worked in Ganja in present-day Azerbaijan.
=505  00$tNizāmī's World Order / J.-Christoph Bürgel --$tThe Hidden Pearls of Wisdom: Desire and Initiation in Laylī u Majnūn / Leili Anvar --$tDescriptions and Images -- Remarks on Gog and Magog in Nizāmī's Iskandar Nāma, Firdawsī's Shāh Nāma and Amīr Khusraw's A'īna-yi Iskandarī / Gabrielle van den Berg --$tNizāmī's Cosmographic Vision and Alexander in Search of the Fountain of Life/ Mario Casari --$tDrinking from the Water of Life -- Nizāmī, Khizr and the Symbolism of Poetical Inspiration in Later Persianate Literature / Patrick Franke --$tThe Enigma of Turandot in Nizāmī's Pentad. Azāda and Bahrām between Esther and Sindbād / Angelo Michele Piemontese --$tWhat is it that Khusraw learns from the Kalīla-Dimna stories? / Christine van Ruymbeke --$tThe "Wasteland" and Alexander, the Righteous King, in Nizāmī's Iqbāl Nāma / Carlo Saccone --$tA Mystical Reading of Nizāmī's Use of Nature in the Haft Paykar / Asghar Seyed-Gohrab --$tThe Nizāmī Manuscript of Shāh Tahmāsp: A Reconstructed History / Priscilla Soucek and Muhammad Isa Waley --$tNizāmī Ganjavi, the Wordsmith: The Concept of sakhun in Classical Persian Poetry / Kamran Talattof --$tTeucros in Nizāmī's Haft Paykar / Ziva Vesel --$t"Let Even a Cat Win Your Heart!" Nizāmī on Animal and Man / Renate Würsch.
=506  0\$aOpen Access$fUnrestricted online access$2star
=520  \\$aDeze "sleutel" om de 'Khamsa' te ontsluiten bestaat uit dertien essays door specialisten op het gebied van Perzische Studies. Elk essay richt zich op een ander aspect van de 'Khamsa', een verzameling van vijf lange gedichten geschreven door de Perzische dichter Nizami van Ganja. Nizami (1141-1209) woonde en werkte in Ganja, in het huidige Azerbeidzjan. Hij wordt algemeen erkend als een van de belangrijkste dichters van het middeleeuwse Perzië. Hij schreef poëzie op het breukvlak mystiek, romances en heldendichten en drukte zijn stempel op talloze jonge dichters, zoals Hafez, Rumi en Saadi, over een gebied dat zich uitstrekt van het huidige Turkije, Azerbeidzjan, Armenië, Georgië, Iran, Afghanistan, oezbekistan, Tadzjikistan, Pakistan, India. De essays dit boek zorgen voor een nieuwe kijk op de 'Khamsa'. Zij richten zich op onderwerpen als mystiek, kunstgeschiedenis, vergelijkende literatuur, wetenschap en filosofie. Ze laten zien hoe de klassieke Griekse kennis zich op een unieke manier vermengde met het Perzische verleden en de islamitische cultuur. Dit boek is onmisbaar voor de specialisten op het gebied van Perzische literatuur, maar ook goed leesbaar voor de geïnteresseerd leek.
=520  \\$aThis "Key" to the Khamsa consists of thirteen essays by eminent scholars in the field of Persian Studies, each focusing on different aspects of the Khamsa, which is a collection of five long poems written by the Persian poet Nizami of Ganja. Nizami (1141-1209) lived and worked in Ganja in present-day Azerbaijan. He is widely recognized as one of the main poets of Medieval Persia, a towering figure who produced outstanding poetry, straddling mysticism, romances and epics. He has left his mark on the whole Persian-speaking world and countless younger poets in the area stretching from the Ottoman to the Mughal worlds (present-day Turkey, Azerbaijan, Armenia, Georgia, Iran, Afghanistan, Uzbekistan, Tajikistan, Pakistan, India) have found him an inspiration and have tried to emulate him. His work has influenced such other immense poets as Hafez, Rumi, and Saadi. His five masnavis (long poems) address a variety of topics and disciplines and have all enjoyed enormous fame, as the countless surviving manuscripts of his work indicate. His heroes, Khosrow and Shirin, Leili and Majnun, Iskandar count amongst the stars of the Persian literary firmament and have become household names all over the Islamic world. The essays in the present volume constitute a significant development in the field of Nizami-studies, and on a more general level, of classical Persian literature. They focus on topics such as mysticism, art history, comparative literature, science, and philosophy. they show how classical Greek knowledge mingles in a unique manner with the Persian past and the Islamic culture in Nizami's world. They reflect a high degree of engagement with the existing scholarship in the field, they revive and challenge traditional views on the poet and his work and are indispensable both for specialists in the field and for anyone interested in the movement of ideas in the Medieval world.
=546  \\$aText in English with excerpts in Arabic.
=588  \\$aDescription based on print version record.
=600  17$aNiẓāmī Ganǧawī, Ilyās Ibn-Yūsuf$d1141-1209$tḪamse$2gnd
=600  07$aNiẓāmī Ganjavī,$d1140 or 1141-1202 or 1203.$2fast$0(OCoLC)fst01838197
=600  01$aNiẓāmī Ganjavī,$d1140 or 1141-1202 or 1203.$tKhamsah.
=600  01$aNiẓāmī Ganjavī,$d1140 or 1141-1202 or 1203$xCriticism and interpretation.
=600  00$aNiẓāmī Ganjavī,$d1140 or 1141-1202 or 1203$xCriticism and interpretation.
=600  00$aNiẓāmī Ganjavī,$d1140 or 1141-1202 or 1203.$tKhamsah.
=650  \7$aHISTORY$xAncient$xGeneral.$2bisacsh
=650  \7$aPhilosophy.$2bicssc
=650  \7$aHistory.$2bicssc
=650  \7$aHumanities.$2bicssc
=650  \7$aPoetry by individual poets.$2bicssc
=650  \7$aPoetry.$2bicssc
=650  \7$aLiterature and literary studies.$2bicssc
=630  07$aKhamsah (Niẓāmī Ganjavī)$2fast$0(OCoLC)fst01359195
=655  \7$aCriticism, interpretation, etc.$2fast$0(OCoLC)fst01411635
=655  \7$aElectronic books. $2local
=700  1\$aRuymbeke, C. van$q(Christine van)
=700  1\$aBürgel, J. Christoph.
=710  2\$aProject Muse.$edistributor
=830  \0$aBook collections on Project MUSE.
=856  40$zFull text available: $uhttps://muse.jhu.edu/book/46352/
=945  \\$aProject MUSE - Archive Middle Eastern Studies Supplement II
=945  \\$aProject MUSE - Archive Complete Supplement V
=945  \\$aProject MUSE - Archive Literature Supplement V

