=LDR  04907cam a22009974a 4500
=001  musev2_46353
=003  MdBmJHUP
=005  20241011123209.0
=006  m\\\\\o\\d\\\\\\\\
=007  cr||||||||nn|n
=008  110912s2010\\\\ne\\\\\\o\\\\\\00\0\eng\d
=020  \\$a9789400600126
=035  \\$a(OCoLC)966846189
=040  \\$aMdBmJHUP$cMdBmJHUP
=041  1\$aeng$aper$hper
=043  \\$aa-ir---
=050  \4$aKMH2050$b.M8713 2010eb
=082  0\$a342.55$223
=100  1\$aMustashār al-Dawlah, Yūsuf ibn Kāẓim,$d-1895 or 1896.$1https://id.oclc.org/worldcat/entity/E39PBJc3JxhwdygMBqHK3Xbw4q
=240  10$aYak kalimah.$lEnglish & Persian
=245  10$aOne Word - Yak Kaleme : $b19th Century Persian Treatise Introducing Western Codified Law / $cA.A. Seyed-Gohrab, S. McGlinn.
=264  \1$a[Leiden] :$bLeiden University Press,$c2010.
=264  \3$aBaltimore, Md. :$bProject MUSE, $c2017
=264  \4$c©2010.
=300  \\$a1 online resource (112 pages).
=336  \\$atext$btxt$2rdacontent
=337  \\$acomputer$bc$2rdamedia
=338  \\$aonline resource$bcr$2rdacarrier
=490  0\$aIranian studies series
=504  \\$aIncludes bibliographical references (pages xxiv-xxv).
=505  0\$aThe essence of modernity -- One word.
=506  0\$aOpen Access$fUnrestricted online access$2star
=520  \\$a"One Word - Yak Kaleme" is one of the first treatises in the Middle East to demonstrate that Islam is compatible with modern western forms of government, and specifically that sharia principles can be incorporated in a codified law comparable to that found in Europe. Unlike many fellow Oriental travellers, the author observed that European dominance is not derived from a few technological advances, but primarily from the organization of society. In "One Word", the author argues that the principles underlying constitutional government can be found in Islamic sources. "One Word" is a significant text during the Iranian Constitutional Revolution of 1906, but its message is relevant today
=542  1\$fThis work is licensed by Knowledge Unlatched under a Creative Commons license$uhttps://creativecommons.org/licenses/by-nc/4.0/legalcode
=546  \\$aText in Persian and English on facing pages.
=588  0\$aDescription based on print version record.
=600  11$aMustashār al-Dawlah, Yūsuf ibn Kāẓim,$d-1895 or 1896.$tYak kalimah.
=600  10$aMustashār al-Dawlah, Yūsuf ibn Kāẓim,$d-1895 or 1896.$tYak kalimah.
=650  \7$aRule of law$2fast
=650  \7$aPolitics and government$2fast
=650  \7$aLaw$xEuropean influences$2fast
=650  \7$aIslamic law$2fast
=650  \7$aConstitutional law$2fast
=650  \7$aLAW$xPublic.$2bisacsh
=650  \7$aLAW$xConstitutional.$2bisacsh
=650  \7$aConstitutional and administrative law.$2bicssc
=650  \7$aLaws of Specific jurisdictions.$2bicssc
=650  \7$aLaw.$2bicssc
=650  \6$aDroit islamique$zIran.
=650  \6$aRegle de droit$zIran.
=650  \6$aDroit constitutionnel$zIran.
=650  \0$aLaw$zIran$xEuropean influences$xHistory$y19th century.
=650  \0$aIslamic law$zIran.
=650  \0$aRule of law$zIran.
=650  \0$aConstitutional law$zIran.
=651  \7$aIran$2fast$1https://id.oclc.org/worldcat/entity/E39PBJtrYvcVTwChrDqytBvJXd
=651  \6$aIran$xPolitique et gouvernement$y19e siecle.
=651  \0$aIran$xPolitics and government$y19th century.
=630  07$aYak kalimah (Mustashār al-Dawlah, Yūsuf ibn Kāẓim)$2fast
=648  \7$a1800-1899$2fast
=653  \\$aSurah
=653  \\$aSharia
=653  \\$aQuran
=653  \\$aPersians
=653  \\$aPersian Empire
=653  \\$aGod in Islam
=653  \\$aGod
=653  \\$aEurope
=653  \\$aCode of law
=653  \\$alaw
=653  \\$aislam
=653  \\$aIslam & Law
=653  \\$aHistory
=655  \7$aHistory$2fast
=655  \7$aElectronic books. $2local
=700  1\$aMcGlinn, Sen.
=700  1\$aSeyed-Gohrab, A. A.$q(Ali Asghar),$d1968-$1https://id.oclc.org/worldcat/entity/E39PBJt8kWgmXMRBM8JyQDCfbd
=758  \\$ihas work:$aOne Word (Text)$1https://id.oclc.org/worldcat/entity/E39PCH7HRVHvrDKtMW9JmpkT6q$4https://id.oclc.org/worldcat/ontology/hasWork
=776  18$iPrint version:$aMustashār al-Dawlah, Yūsuf ibn Kāẓim, -1895 or 6.$sYak kalimah. English and Persian.$tOne Word.$d[Leiden] : Leiden University Press, 2010$z9789087280895$w(DLC)  2011417636$w(OCoLC)671703427
=710  2\$aProject Muse.$edistributor
=830  \0$aIranian studies series (Leiden, Netherlands)
=830  \0$aBook collections on Project MUSE.
=856  40$zFull text available: $uhttps://muse.jhu.edu/book/46353/
=945  \\$aProject MUSE - Archive Middle Eastern Studies Supplement II
=945  \\$aProject MUSE - Archive Complete Supplement V
=945  \\$aProject MUSE - Archive Political Science and Policy Studies Supplement V

