=LDR  03682cam a22006734a 4500
=001  musev2_46989
=003  MdBmJHUP
=005  20241011123925.0
=006  m\\\\\o\\d\\\\\\\\
=007  cr||||||||nn|n
=008  110922s2012\\\\mau\\\\\o\\\\\\00\0\eng\d
=010  \\$z  2020719241
=020  \\$a9780262301732
=020  \\$z0262301733
=020  \\$z9780262517638
=035  \\$a(OCoLC)966925031
=040  \\$aMdBmJHUP$cMdBmJHUP
=100  1\$aSuber, Peter.
=245  10$aOpen Access / $cPeter Suber.
=264  \1$aCambridge, Mass. :$bMIT Press,$c[2012]
=264  \3$aBaltimore, Md. :$bProject MUSE, $c2017
=264  \4$c©[2012]
=300  \\$a1 online resource (256 pages).
=336  \\$atext$btxt$2rdacontent
=337  \\$acomputer$bc$2rdamedia
=338  \\$aonline resource$bcr$2rdacarrier
=490  0\$aMIT Press essential knowledge series
=505  0\$aWhat is open access? -- Motivation -- Varieties -- Policies -- Scope -- Copyright -- Economics -- Casualties -- Future -- Self-help.
=506  0\$aOpen Access$fUnrestricted online access$2star
=520  \\$aThe Internet lets us share perfect copies of our work with a worldwide audience at virtually no cost. We take advantage of this revolutionary opportunity when we make our work "open access" digital, online, free of charge, and free of most copyright and licensing restrictions. Open access is made possible by the Internet and copyright-holder consent, and many authors, musicians, filmmakers, and other creators who depend on royalties are understandably unwilling to give their consent. But for 350 years, scholars have written peer-reviewed journal articles for impact, not for money, and are free to consent to open access without losing revenue. In this concise introduction, Peter Suber tells us what open access is and isn't, how it benefits authors and readers of research, how we pay for it, how it avoids copyright problems, how it has moved from the periphery to the mainstream, and what its future may hold. Distilling a decade of Suber's influential writing and thinking about open access, this is the indispensable book on the subject for researchers, librarians, administrators, funders, publishers, and policy makers.
=520  \\$aA concise introduction to the basics of open access, describing what it is (and isn't) and showing that it is easy, fast, inexpensive, legal, and beneficial.
=546  \\$aEnglish.
=588  \\$aDescription based on print version record.
=650  \7$aOpen access-publicering.$2sao
=650  \7$aOpen Access$2gnd
=650  \7$aOpen access publishing.$2fast$0(OCoLC)fst01737144
=650  \7$aMedia Studies.$2eflch
=650  \7$aInternet.$2eclas
=650  \7$aEdition electronique.$2eclas
=650  \7$aInformation scientifique.$2eclas
=650  \7$aDiffusion de l'information.$2eclas
=650  \7$aAcces à l'information.$2eclas
=650  \7$aLANGUAGE ARTS & DISCIPLINES$xLibrary & Information Science$xGeneral.$2bisacsh
=650  \7$aCOMPUTERS$xElectronic Publishing.$2bisacsh
=650  \7$aCoding theory & cryptology.$2bicssc
=650  \7$ainformation services.$2agrovoc
=650  \7$ainformation technology.$2agrovoc
=650  \7$aaccess to information.$2agrovoc
=650  \7$apublishing.$2aat
=650  \7$aediting.$2aat
=650  \6$aÉdition.
=650  \2$aAccess to Information$xethics
=650  \2$aPublishing
=650  \0$aOpen access publishing.
=655  \7$aElectronic books. $2local
=710  2\$aProject Muse.$edistributor
=830  \0$aBook collections on Project MUSE.
=856  40$zFull text available: $uhttps://muse.jhu.edu/book/46989/
=945  \\$aProject MUSE - Archive Complete Supplement V

