=LDR  04239cam a22005894a 4500
=001  musev2_47757
=003  MdBmJHUP
=005  20241011124621.0
=006  m\\\\\o\\d\\\\\\\\
=007  cr||||||||nn|n
=008  160831s2017\\\\nyu\\\\\o\\\\\\00\0\eng\d
=010  \\$z  2016027116
=020  \\$a9780823274444
=020  \\$z082327442X
=020  \\$z9780823274420
=035  \\$a(OCoLC)957554154
=040  \\$aMdBmJHUP$cMdBmJHUP
=245  00$aEurope After Wyclif / $cJ. Patrick Hornbeck II and Michael Van Dussen, editors.
=264  \1$aNew York :$bFordham University Press,$c2017.
=264  \3$aBaltimore, Md. :$bProject MUSE, $c2017
=264  \4$c&copy;2017.
=300  \\$a1 online resource (304 pages): $billustrations.
=336  \\$atext$btxt$2rdacontent
=337  \\$acomputer$bc$2rdamedia
=338  \\$aonline resource$bcr$2rdacarrier
=490  0\$aFordham series in medieval studies
=505  0\$aA world astir: Europe and religion in the early fifteenth century -- Cosmopolitan artists, Florentine initials, and the Wycliffite Bible -- Constructing the Apocalypse: connections between English and Bohemian apocalyptic thinking -- Wyclif's early reception in Bohemia and his influence on the thought of Jerome of Prague -- Determinism between Oxford and Prague: the late Wyclif's retractions and their defense ascribed to Peter Payne -- Before and after Wyclif: consent to another's sin in medieval Europe -- Interpreting the intention of Christ: Roman responses to Bohemian Utraquism from Constance to Basel -- The waning of the "Wycliffites": giving names to Hussite Heresy -- Orthodoxy and the game of knowledge: Deguileville in fifteenth-century England -- Preparing for Easter: sermons on the Eucharist in English Wycliffite sermons -- "IF yt be a nacion": vernacular Scripture and English nationhood in Columbia University library, Plimpton MS 259 -- Re-forming the life of Christ.
=506  0\$aOpen Access$fUnrestricted online access$2star
=520  8\$aThis volume brings together scholarship that discusses late-medieval religious controversy on a pan-European scale, with particular attention to developments in England, Bohemia, and at the general councils of the fifteenth century. Controversies such as those that developed in England and Bohemia have received ample attention for decades, and recent scholarship has introduced valuable perspectives and findings to our knowledge of these aspects of European religion, literature, history, and thought. Yet until recently, scholars working on these controversies have tended to work in regional isolation, a practice that has given rise to the impression that the controversies were more or less insular, their significance measured in terms of their local or regional influence. "Europe After Wyclif" was designed specifically to encourage analysis of cultural cross-currents-the ways in which regional controversies, while still products of their own environments and of local significance, were inseparable from cultural developments that were experienced internationally.
=588  \\$aDescription based on print version record.
=600  17$aWyclif, Johannes$d1324-1384$2gnd
=600  17$aWycliffe, John,$d-1384.$2fast$0(OCoLC)fst01858991
=600  10$aWycliffe, John,$d-1384$xInfluence.
=651  \7$aEuropa$2gnd
=651  \7$aEurope.$2fast$0(OCoLC)fst01245064
=651  \6$aEurope$xHistoire religieuse$y476-1492.
=651  \0$aEurope$xChurch history$y600-1500.
=650  \7$aTheologie$2gnd
=650  \7$aRezeption$2gnd
=650  \7$aKirchliche Erneuerung$2gnd
=650  \7$aInfluence (Literary, artistic, etc.)$2fast$0(OCoLC)fst00972484
=650  \7$aRELIGION$xChristian Theology$xHistory.$2bisacsh
=650  \7$aRELIGION$xChristian Theology$xHistory.$2bisach
=655  \7$aChurch history.$2fast$0(OCoLC)fst01411629
=655  \7$aElectronic books. $2local
=700  1\$aVan Dussen, Michael,$d1977-$eeditor.
=700  1\$aHornbeck, J. Patrick,$cII,$d1982-$eeditor.
=710  2\$aProject Muse.$edistributor
=830  \0$aBook collections on Project MUSE.
=856  40$zFull text available: $uhttps://muse.jhu.edu/book/47757/
=945  \\$aProject MUSE - 2017 Complete
=945  \\$aProject MUSE - 2017 Philosophy and Religion

