=LDR  01269cam a22003734a 4500
=001  musev2_47866
=003  MdBmJHUP
=005  20241011124719.0
=006  m\\\\\o\\d\\\\\\\\
=007  cr||||||||nn|n
=008  220902s2013\\\\xx\\\\\\o\\\\\\00\0\eng\d
=020  \\$a9781421428239
=020  \\$z9781421409245
=020  \\$z9781421409238
=020  \\$z9781421409221
=035  \\$a(OCoLC)966768093
=040  \\$aMdBmJHUP$cMdBmJHUP
=100  1\$aOlivas, Michael A.
=245  10$aSuing Alma Mater : $bHigher Education and the Courts
=264  \1$bJohns Hopkins University Press,$c2013
=264  \3$aBaltimore, Md. :$bProject MUSE, $c2017
=264  \4$c&copy;2013
=300  \\$a1 online resource (240 pages).
=336  \\$atext$btxt$2rdacontent
=337  \\$acomputer$bc$2rdamedia
=338  \\$aonline resource$bcr$2rdacarrier
=506  0\$aOpen Access$fUnrestricted online access$2star
=588  \\$aDescription based on print version record.
=655  \7$aElectronic books. $2local
=710  2\$aProject Muse.$edistributor
=830  \0$aBook collections on Project MUSE.
=856  40$zFull text available: $uhttps://muse.jhu.edu/book/47866/
=945  \\$aProject MUSE - Archive Complete Supplement V
=945  \\$aProject MUSE - Archive Higher Education Supplement V

