=LDR  02714cam a22005054a 4500
=001  musev2_48096
=003  MdBmJHUP
=005  20241011124959.0
=006  m\\\\\o\\d\\\\\\\\
=007  cr||||||||nn|n
=008  160926s2017\\\\nyu\\\\\o\\\\\\00\0\eng\d
=020  \\$a9780823273430
=020  \\$z9780823273409
=020  \\$z0823273407
=035  \\$a(OCoLC)959273628
=040  \\$aMdBmJHUP$cMdBmJHUP
=043  \\$ae-gx---
=050  \4$aPN3331$b.M367 2017
=100  1\$aMani, B. Venkat,$eauthor.
=245  10$aRecoding World Literature : $bLibraries, Print Culture, and Germany's Pact with Books / $cB. Venkat Mani.
=250  \\$aFirst edition.
=264  \1$aBaltimore, Maryland :$bProject Muse,$c2016
=264  \3$aBaltimore, Md. :$bProject MUSE, $c2017
=264  \4$c&copy;2016
=300  \\$a1 online resource (344 pages): $billustrations, maps
=336  \\$atext$btxt$2rdacontent
=337  \\$acomputer$bc$2rdamedia
=338  \\$aonline resource$bcr$2rdacarrier
=500  \\$aIssued as part of book collections on Project MUSE.
=504  \\$aIncludes bibliographical references (pages 309-336) and index.
=505  0\$aPrologue -- Introduction : world literature as a pact with books -- 1. Of masters and masterpieces : an empire of books, a mythic European library -- 2. Half epic, half drastic : from a parliament of letters to a national library -- 3. The shadow of empty shelves : two world wars and the rise and fall of world literature -- 4. Windows on the Berlin Wall : unfinished histories of world literature in a divided Germany -- 5. Libraries without walls? World literature in the digital century -- Epilogue.
=506  0\$aOpen Access$fUnrestricted online access$2star
=520  \\$aFrom the current vantage point of the transformation of books and libraries, B. Venkat Mani presents a historical account of world literature. By locating translation, publication, and circulation along routes of "bibliomigrancy"--the physical and virtual movement of books--Mani narrates how world literature is coded and recoded as literary works find new homes on faraway bookshelves.
=588  \\$aDescription based on print version record.
=650  \0$aBook industries and trade$zGermany$xHistory.
=650  \0$aBook industries and trade$xHistory.
=650  \0$aLiterature$xHistory and criticism.
=655  \7$aElectronic books. $2local
=710  2\$aProject Muse,$edistributor.
=776  18$iPrint version:$z0823273407$z9780823273409
=710  2\$aProject Muse.$edistributor
=830  \0$aBook collections on Project MUSE.
=856  40$zFull text available: $uhttps://muse.jhu.edu/book/48096/
=945  \\$aProject MUSE - 2017 Complete
=945  \\$aProject MUSE - 2017 Literature

