=LDR  03165cam a22004694a 4500
=001  musev2_48443
=003  MdBmJHUP
=005  20241011125355.0
=006  m\\\\\o\\d\\\\\\\\
=007  cr||||||||nn|n
=008  161024s2017\\\\nyu\\\\\o\\\\\\00\0\eng\d
=020  \\$a9780823272143
=020  \\$z0823272125
=020  \\$z9780823272129
=035  \\$a(OCoLC)961151843
=040  \\$aMdBmJHUP$cMdBmJHUP
=100  1\$aDavis, Robert Glenn.
=245  14$aThe Weight of Love : $bAffect, Ecstasy, and Union in the Theology of Bonaventure / $cRobert Glenn Davis.
=264  \1$aNew York :$bFordham University Press,$c2017.
=264  \3$aBaltimore, Md. :$bProject MUSE, $c2017
=264  \4$c©2017.
=300  \\$a1 online resource (232 pages).
=336  \\$atext$btxt$2rdacontent
=337  \\$acomputer$bc$2rdamedia
=338  \\$aonline resource$bcr$2rdacarrier
=505  0\$aIntroduction : weighing affect in medieval Christian devotion -- The Seraphic Doctrine : love and knowledge in the Dionysian hierarchy -- Affect, cognition, and the natural motion of the will -- Elemental motion and the force of union -- Hierarchy and excess in the Itinerarium Mentis in Deum -- The exemplary bodies of the Legenda Maior -- Conclusion : a corpus, in sum.
=506  0\$aOpen Access$fUnrestricted online access$2star
=520  \\$aSupplementing theological interpretation with historical, literary, and philosophical perspectives, 'The Weight of Love' analyzes the nature and role of affectivity in medieval Christian devotion through an original interpretation of the writings of the Franciscan theologian Bonaventure. It intervenes in two crucial developments in medieval Christian thought and practice: the renewal of interest in the corpus of Dionysius the Areopagite in thirteenth-century Paris and the proliferation of new forms of affective meditation focused on the passion of Christ in the later Middle Ages. Through the exemplary life and death of Francis of Assisi, Robert Glenn Davis examines how Bonaventure traces a mystical itinerary culminating in the meditant's full participation in Christ's crucifixion. For Bonaventure, Davis asserts, this death represents the becoming-body of the soul, the consummation and transformation of desire into the crucified body of Christ.
=546  \\$aIn English.
=588  \\$aDescription based on print version record.
=600  07$aBonaventure,$cSaint, Cardinal,$dapproximately 1217-1274.$2fast$0(OCoLC)fst01808778
=600  00$aBonaventure,$cSaint, Cardinal,$dapproximately 1217-1274.
=650  \7$aRELIGION$xChristian Theology$xEthics.$2bisacsh
=650  \7$aRELIGION / Christian Theology / Ethics.$2bisach
=650  \6$aAmour$xAspect religieux$xChristianisme$xHistoire des doctrines$y600-1500 (Moyen Âge)
=650  \0$aLove$xReligious aspects$xChristianity$xHistory of doctrines$yMiddle Ages, 600-1500.
=655  \7$aElectronic books. $2local
=710  2\$aProject Muse.$edistributor
=830  \0$aBook collections on Project MUSE.
=856  40$zFull text available: $uhttps://muse.jhu.edu/book/48443/
=945  \\$aProject MUSE - 2017 Complete
=945  \\$aProject MUSE - 2017 Philosophy and Religion

