=LDR  03932cam a22006014a 4500
=001  musev2_48448
=003  MdBmJHUP
=005  20241011125400.0
=006  m\\\\\o\\d\\\\\\\\
=007  cr||||||||nn|n
=008  200913s2017\\\\nyu\\\\\o\\\\\\00\0\eng\d
=010  \\$z  2020426016
=020  \\$a9780823274222
=020  \\$z0823274195
=020  \\$z9780823274192
=035  \\$a(OCoLC)961911781
=040  \\$aMdBmJHUP$cMdBmJHUP
=245  00$aChristianity, Democracy, and the Shadow of Constantine / $cGeorge E. Demacopoulos and Aristotle Papanikolaou, editors.
=250  \\$aFirst edition.
=264  \1$a[New York] :$bFordham University Press,$c[2017]
=264  \3$aBaltimore, Md. :$bProject MUSE, $c2017
=264  \4$c©[2017]
=300  \\$a1 online resource (272 pages).
=336  \\$atext$btxt$2rdacontent
=337  \\$acomputer$bc$2rdamedia
=338  \\$aonline resource$bcr$2rdacarrier
=490  0\$aOrthodox Christianity and contemporary thought
=505  0\$aMoral argument in the human rights debate of the Russian orthodox church -- Post-communist orthodox countries and secularization : the Lautsi case and the fracture of Europe -- Power to the people : orthodoxy, consociational democracy, and the move beyond phyletism -- Power, protest, and perichoresis : on being church in a troubled world -- Strange fruit : Augustine, liberalism, and the good Samaritan -- An orthodox encounter with liberal democracy -- Democracy and the dynamics of death : orthodox reflections on the origin, purpose, and limits of politics -- "I have overcome the world" : the church, the liberal state, and Christ's two natures in the Russian politics of theosis -- Emperors and bishops of Constantinople -- Stepping out of Constantine's shadow -- "You cannot have a church without an Empire" : political orthodoxy in Byzantium -- Roman catholicism and democracy : the postconciliar era -- How (not) to be a political theologian.
=506  0\$aOpen Access$fUnrestricted online access$2star
=520  \\$aThe collapse of communism in eastern Europe has forced traditionally Eastern Orthodox countries to consider the relationship between Christianity and liberal democracy. Contributors examine the influence of Constantinianism in both the post-communist Orthodox world and in Western political theology. Constructive theological essays feature Catholic and Protestant theologians reflecting on the relationship between Christianity and democracy, as well as Orthodox theologians reflecting on their tradition's relationship to liberal democracy. The essays explore prospects of a distinctively Christian politics in a post-communist, post-Constantinian age.
=588  \\$aDescription based on print version record.
=650  \7$aRELIGION$xChristianity$xGeneral.$2bisacsh
=650  \7$aRELIGION$xChristian Life$xSocial Issues.$2bisacsh
=650  \7$achurch history.$2aat
=650  \6$aChristianisme et politique.
=650  \6$aÉglise$xHistoire.
=650  \7$aInfluence (Literary, artistic, etc.)$2fast$0(OCoLC)fst00972484
=650  \7$aDemocracy$xReligious aspects$xChristianity$2fast$0(OCoLC)fst00890101
=650  \7$aChurch history$2fast$0(OCoLC)fst00860740
=650  \7$aChristianity and politics$2fast$0(OCoLC)fst00859736
=650  \0$aDemocracy$xReligious aspects$xChristianity.
=650  \0$aChristianity and politics.
=650  \0$aChurch history.
=600  07$aConstantine$bI,$cEmperor of Rome,$d-337$2fast$0(OCoLC)fst01813658
=600  00$aConstantine$bI,$cEmperor of Rome,$d-337$xInfluence.
=655  \7$aElectronic books. $2local
=700  1\$aPapanikolaou, Aristotle,$eeditor.
=700  1\$aDemacopoulos, George E.,$eeditor.
=710  2\$aProject Muse.$edistributor
=830  \0$aBook collections on Project MUSE.
=856  40$zFull text available: $uhttps://muse.jhu.edu/book/48448/
=945  \\$aProject MUSE - 2017 Complete
=945  \\$aProject MUSE - 2017 Philosophy and Religion

