=LDR  03179cam a22004814a 4500
=001  musev2_49053
=003  MdBmJHUP
=005  20241011130105.0
=006  m\\\\\o\\d\\\\\\\\
=007  cr||||||||nn|n
=008  161121s2017\\\\nyu\\\\\o\\\\\\00\0\eng\d
=020  \\$a9780823272204
=020  \\$z0823272176
=020  \\$z9780823272174
=035  \\$a(OCoLC)963845229
=040  \\$aMdBmJHUP$cMdBmJHUP
=245  00$aArtifacts of Thinking : $bReading Hannah Arendt's Denktagebuch / $cRoger Berkowitz and Ian Storey, editors.
=250  \\$aFirst edition.
=264  \1$aNew York, NY :$bFordham University Press,$c2017.
=264  \3$aBaltimore, Md. :$bProject MUSE, $c2017
=264  \4$c©2017.
=300  \\$a1 online resource (224 pages).
=336  \\$atext$btxt$2rdacontent
=337  \\$acomputer$bc$2rdamedia
=338  \\$aonline resource$bcr$2rdacarrier
=505  0\$aReconciling oneself to the impossibility of reconciliation : judgment and worldliness in Hannah Arendt's politics / Roger Berkowitz -- On the truth-and-politics section in the Denktagebuch / Ursula Ludz -- "By relating it" : on modes of writing and judgment in the Denktagebuch / Thomas Wild -- Thinking in metaphors / Wout Cornelissen -- The task of knowledgeable love : Arendt and Portmann in search of meaning / Anne O'Byrne -- Vita passiva : love in Arendt's Denktagebuch / Tatjana Noemi Tömmel -- America as exemplar : the Denktagebuch of 1951 / Tracy B. Strong -- "Poetry or body politic" : natality and the space of birth in Hannah Arendt's thought diary / Jeffrey Champlin -- Facing the end : the work of thinking in the late Denktagebuch / Ian Storey.
=506  0\$aOpen Access$fUnrestricted online access$2star
=520  8\$aArtifacts of Thinking' offers a path through Hannah Arendt's recently published 'Denktagebuch', or 'Book of Thoughts'. In this book a number of innovative Arendt scholars come together to ask how we should think about these remarkable writings in the context of Arendt's published writing and broader political thinking unique in its form, the 'Denktagebuch' offers brilliant insights into Arendt's practice of thinking and writing. 'Artifacts of Thinking' provides an introduction to the 'Denktagebuch' as well as a glimpse of these fascinating but untranslated fragments that reveal not only Arendt's understanding of "the life of the mind" but her true lived experience of it.
=546  \\$aIn English.
=588  \\$aDescription based on print version record.
=600  10$aArendt, Hannah,$d1906-1975.$tDenktagebuch.
=650  \7$aPolitical science.$2fast$0(OCoLC)fst01069781
=650  \7$aPOLITICAL SCIENCE$xHistory & Theory.$2bisacsh
=650  \0$aPolitical science$xHistory$y20th century.
=655  \7$aHistory.$2fast$0(OCoLC)fst01411628
=655  \7$aElectronic books. $2local
=700  1\$aStorey, Ian$q(Ian N.),$eeditor.
=700  1\$aBerkowitz, Roger,$d1968-$eeditor.
=710  2\$aProject Muse.$edistributor
=830  \0$aBook collections on Project MUSE.
=856  40$zFull text available: $uhttps://muse.jhu.edu/book/49053/
=945  \\$aProject MUSE - 2017 Complete
=945  \\$aProject MUSE - 2017 Political Science and Policy Studies

