=LDR  03454cam a22005414a 4500
=001  musev2_49055
=003  MdBmJHUP
=005  20241011130106.0
=006  m\\\\\o\\d\\\\\\\\
=007  cr||||||||nn|n
=008  161202r20162017nyu\\\\\o\\\\\\00\0\eng\d
=020  \\$a9780823274161
=020  \\$z0823274136
=020  \\$z9780823274130
=035  \\$a(OCoLC)966926227
=040  \\$aMdBmJHUP$cMdBmJHUP
=050  \4$aHM831$b.A854 2017
=082  0\$a303.4$223
=100  1\$aAtkinson, Joshua D.,$eauthor.
=245  10$aJourney into Social Activism : $bQualitative Approaches / $cJoshua D. Atkinson.
=250  \\$aFirst edition.
=264  \1$aBaltimore, Maryland :$bProject Muse,$c2016
=264  \3$aBaltimore, Md. :$bProject MUSE, $c2017
=264  \4$c&copy;2016
=300  \\$a1 online resource (272 pages): $billustrations.
=336  \\$atext$btxt$2rdacontent
=337  \\$acomputer$bc$2rdamedia
=338  \\$aonline resource$bcr$2rdacarrier
=490  0\$aDonald McGannon Communication Research Center's Everett C. Parker book series
=500  \\$aIssued as part of book collections on Project MUSE.
=504  \\$aIncludes bibliographical references (pages 201-220) and index.
=505  0\$aPreface -- part I. Research foundations -- 1. The study of social activism -- 2. Research methodologies -- 3. Qualitative methods -- part II. Research sites -- 4. Activist organizations -- 5. Activist networks -- 6. Activist events -- 7. Alternative media -- Concluding remarks.
=506  0\$aOpen Access$fUnrestricted online access$2star
=520  \\$aAcademic study of social activism and social movements has become increasingly prevalent over the years; this is due in large part to the fact that activists have captured public imagination and gained substantial influence in political discourse. For instance, Occupy Wall Street activists, Tea Party activists, and activists affiliated with the Arab Spring have transformed political debates and have become the focus of mainstream news media coverage about a variety of different political topics. Journey into Social Activism explicates the philosophical foundations of the study of activism and illustrates four different research sites in which activism can be observed and studied: organizations, networks, events, and alternative media. The book will introduce students and scholars to important qualitative approaches to the study of social activism within these four research sites, which is based entirely on successful research projects that have been conducted and published in recent years. Ultimately, this book will prove integral to any students and scholars who wish to use qualitative methods for their research endeavors concerning social activism in contemporary society.
=588  \\$aDescription based on print version record.
=650  \0$aPolitical participation.
=650  \0$aSocial movements.
=650  \0$aSocial change.
=650  \0$aSocial action.
=655  \7$aElectronic books. $2local
=710  2\$aProject Muse,$edistributor.
=776  18$iPrint version:$z0823274136$z9780823274130
=710  2\$aProject Muse.$edistributor
=830  \0$aDonald McGannon Communication Research Center's Everett C. Parker book series.
=830  \0$aBook collections on Project MUSE.
=856  40$zFull text available: $uhttps://muse.jhu.edu/book/49055/
=945  \\$aProject MUSE - 2017 Complete
=945  \\$aProject MUSE - 2017 Political Science and Policy Studies

