=LDR  03438cam a22005534a 4500
=001  musev2_49328
=003  MdBmJHUP
=005  20241011130423.0
=006  m\\\\\o\\d\\\\\\\\
=007  cr||||||||nn|n
=008  160115t20162016nyu\\\\\o\\\\\\00\0\eng\d
=020  \\$a9781501706257
=020  \\$z9781501706783
=020  \\$z9781501703188
=035  \\$a(OCoLC)965831618
=040  \\$aMdBmJHUP$cMdBmJHUP
=100  1\$aRindzevičiūtė, Eglė,$eauthor.
=245  14$aThe Power of Systems : $bHow Policy Sciences Opened Up the Cold War World / $6880-01$cEglė Rindzevičiūtė.
=264  \1$aLondon :$bCornell University Press,$c2016.
=264  \3$aBaltimore, Md. :$bProject MUSE, $c2017
=264  \4$c©2016.
=300  \\$a1 online resource (306 pages).
=336  \\$atext$btxt$2rdacontent
=337  \\$acomputer$bc$2rdamedia
=338  \\$aonline resource$bcr$2rdacarrier
=490  0\$aCornell Studies in Classical Philology
=505  0\$aThe rise of system-cybernetic governmentality -- Grey eminences of the scientific-technical revolution -- Bridging East and West: the birth of IIASA -- Shaping a transnational systems community (1): networks and institutions -- Shaping a transnational systems community (2): family versus war room -- The East-West politics of global modelling -- From nuclear winter to the Anthropocene -- Acid rain: scientific expertise and governance across systemic divide -- The avant-garde of system-cybernetic governmentality.
=506  0\$aOpen Access$fUnrestricted online access$2star
=520  \\$aThe International Institute of Applied Systems Analysis (IIASA), an international think tank established jointly by the United States and Soviet Union in Austria in 1972, was intended to advance scientific collaboration. Until the late 1980s, the IIASA was one of the very few permanent sites where policy scientists from both sides of the Iron Curtain could work together to articulate and solve world problems, most notably global climate change. One of the best-kept secrets of the Cold War, this think tank was a rare zone of freedom, communication, and negotiation, where leading Soviet scientists could try out their innovative ideas, benefit from access to Western literature, and develop social networks, thus paving the way for some of the key science and policy breakthroughs of the twentieth century.
=546  \\$aIn English.
=588  \\$aDescription based on print version record.
=650  \7$aPolitical science$xMethodology.$2fast$0(OCoLC)fst01069816
=650  \7$aPolicy sciences.$2fast$0(OCoLC)fst01068796
=650  \7$aHISTORY$zUnited States.$2bisacsh
=650  \7$aHISTORY$zUnited States$y20th Century.$2bisacsh
=650  \7$aThe Cold War.$2bicssc
=650  \7$aHistory: specific events and topics.$2bicssc
=650  \7$aHistory.$2bicssc
=650  \7$aHumanities.$2bicssc
=650  \6$aSciences de la politique.
=650  \0$aPolitical science$xMethodology.
=650  \0$aPolicy sciences.
=655  \7$aElectronic books. $2local
=710  2\$aProject Muse.$edistributor
=830  \0$aBook collections on Project MUSE.
=880  04$6245-01/(Q$aThe power of systems :$bhow policy sciences opened up the Cold War world /$cEgle⁺ј Rindzevic⁺ўiu⁺ѕte⁺ј.
=856  40$zFull text available: $uhttps://muse.jhu.edu/book/49328/
=945  \\$aProject MUSE - 2017 Complete
=945  \\$aProject MUSE - 2017 Political Science and Policy Studies

