=LDR  05690cam a22005774a 4500
=001  musev2_49597
=003  MdBmJHUP
=005  20241011130735.0
=006  m\\\\\o\\d\\\\\\\\
=007  cr||||||||nn|n
=008  160616t20172017nju\\\\\o\\\\\\00\0\eng\d
=010  \\$z  2020715149
=020  \\$a9780813571041
=020  \\$z0813571049
=020  \\$z9780813571034
=035  \\$a(OCoLC)966671732
=040  \\$aMdBmJHUP$cMdBmJHUP
=100  1\$aD'Antonio, Patricia,$d1955-$eauthor.
=245  10$aNursing with a Message : $bPublic Health Demonstration Projects in New York City / $cPatricia D'Antonio.
=264  \1$aNew Brunswick, New Jersey :$bRutgers University Press,$c[2017]
=264  \3$aBaltimore, Md. :$bProject MUSE, $c2017
=264  \4$c©[2017]
=300  \\$a1 online resource (160 pages).
=336  \\$atext$btxt$2rdacontent
=337  \\$acomputer$bc$2rdamedia
=338  \\$aonline resource$bcr$2rdacarrier
=490  0\$aCritical issues in health and medicine
=505  0\$aIntroduction -- 1. Medicine and a message -- 2. The houses that health built -- 3. Practicing nursing knowledge -- 4. Shuttering the service -- 5. Not enough to be a messenger -- Notes.
=506  0\$aOpen Access$fUnrestricted online access$2star
=520  \\$a"Mandated by the Affordable Care Act, public health demonstration projects have been touted as an innovative solution to the nation's health care crisis. Yet, such projects actually have a long but little-known history, dating back to the 1920s. This groundbreaking new book reveals the key role that these local health programs--and the nurses who ran them--influenced how Americans perceived both their personal health choices and the well-being of their communities.Nursing with a Message transports readers to New York City in the 1920s and 1930s, charting the rise and fall of two community health centers, in the neighborhoods of East Harlem and Bellevue-Yorkville. Award-winning historian Patricia D'Antonio examines the day-to-day operations of these clinics, as well as the community outreach work done by nurses who visited schools, churches, and homes encouraging neighborhood residents to adopt healthier lifestyles, engage with preventive physical exams, and see to the health of their preschool children. As she reveals, these programs relied upon an often-contentious and fragile alliance between various healthcare providers, educators, social workers, and funding agencies, both public and private. Assessing both the successes and failures of these public health demonstration projects, D'Antonio also traces their legacy in shaping both the best and worst elements of today's primary care system"--$cProvided by publisher.
=520  \\$a"Focuses on demonstration projects and health centers in New York City in the interwar years. One of the clear strengths of the movement was its acknowledged dependence on nurses - especially public health nurses - to visit family after family, neighborhood after neighborhood, school after school, and church after church to encourage the adoption of healthier lifestyles, preventive physical exams, well child care, and routine dental care. Their work established the norms of primary care now practiced in today's primary care centers. But their work was highly labor intensive and depended on the breakdown of disciplinary boundaries among nurses, physicians, and social workers that had been painstakingly created in the decades before the War. This almost happened - until the ravages of the Great Depression of the 1930s forced retrenchments that stifled continued innovation. Nursing with a Message explores the day-to-day processes involved in the coming together and moving apart of different organizations, disciplinary interests, knowledge domains, and spheres of public and private responsibilities involved in caring for those in need at the point of delivery of service. More specifically, it uses the public health nurses involved in New York City health demonstration projects as a case study of disciplinary tensions inherent in projects with multiple constituents and invested in multiple, and sometimes contradictory outcomes. It shows how one central public health discipline searched for better ways to care for the people it served even as it attended to its own advancement, place, and power in a very complicated space of ideas, practice, action, and actors. But the prerogatives of gender, class, race, and disciplinary interests shaped their implementation"--$cProvided by publisher.
=546  \\$aIn English.
=588  \\$aDescription based on print version record.
=650  \6$aSoins infirmiers en sante publique$zNew York (État)$zNew York.
=650  \6$aSoins infirmiers en sante communautaire$zNew York (État)$zNew York.
=650  \7$aPublic health nursing.$2fast$0(OCoLC)fst01082384
=650  \7$aCommunity health nursing.$2fast$0(OCoLC)fst00870941
=650  \7$aSOCIAL SCIENCE / Human Services.$2bisacsh
=650  \7$aSCIENCE / History.$2bisacsh
=650  \7$aMEDICAL / Public Health.$2bisacsh
=650  \7$aMEDICAL / Nursing / General.$2bisacsh
=650  \7$aMEDICAL / History.$2bisacsh
=650  \0$aPublic health nursing$zNew York (State)$zNew York.
=650  \0$aCommunity health nursing$zNew York (State)$zNew York.
=651  \7$aNew York (State)$zNew York.$2fast$0(OCoLC)fst01204333
=655  \7$aElectronic books. $2local
=710  2\$aProject Muse.$edistributor
=830  \0$aBook collections on Project MUSE.
=856  40$zFull text available: $uhttps://muse.jhu.edu/book/49597/
=945  \\$aProject MUSE - 2017 Complete
=945  \\$aProject MUSE - 2017 US Regional Studies, New England and Mid Atlantic

