=LDR  04088cam a22008054a 4500
=001  musev2_49849
=003  MdBmJHUP
=005  20241011131035.0
=006  m\\\\\o\\d\\\\\\\\
=007  cr||||||||nn|n
=008  160712s2017\\\\nju\\\\\o\\\\\\00\0\eng\d
=010  \\$z  2016032166
=020  \\$a9780813588063
=020  \\$z0813588049
=020  \\$z9780813588049
=020  \\$z0813588065
=035  \\$a(OCoLC)973140717
=040  \\$aMdBmJHUP$cMdBmJHUP
=100  1\$aHunleth, Jean,$d1976-$eauthor.
=245  10$aChildren as Caregivers : $bThe Global Fight against Tuberculosis and HIV in Zambia / $cJean Hunleth.
=264  \1$aNew Brunswick, New Jersey :$bRutgers University Press,$c2017.
=264  \3$aBaltimore, Md. :$bProject MUSE, $c2017
=264  \4$c©2017.
=300  \\$a1 online resource (224 pages).
=336  \\$atext$btxt$2rdacontent
=337  \\$acomputer$bc$2rdamedia
=338  \\$aonline resource$bcr$2rdacarrier
=490  0\$aRutgers series in childhood studies
=505  0\$aGrowing up in George -- Residence and relationships -- Between silence and disclosure -- Following the medicine -- Care by women and children -- Children and global health -- Postscript: childhood tuberculosis.
=506  0\$aOpen Access$fUnrestricted online access$2star
=520  \\$aMedical anthropologist Jean Hunleth chronicles the experiences of children living with parents and guardians who are suffering from these infectious diseases and shows how their perspectives matter in the global debates about health care. Children as Caregivers examines how well intentioned practitioners fail to realize how children take on active caregiving roles when their guardians become seriously ill. Using ethnographic methods, and listening to the voices of children as well as adults, Hunleth makes the caregiving work of children visible. Children actively seek to "get closer" to ill guardians by providing good care. Both children and ill adults define good care as children's attentiveness to adults' physical needs, their ability to carry out treatment and medication programs in the home, and above all, the need to maintain physical closeness and proximity.
=546  \\$aIn English.
=588  \\$aDescription based on print version record.
=650  \7$aTuberculosis$xPatients$xHome care.$2fast$0(OCoLC)fst01158526
=650  \7$aChild caregivers.$2fast$0(OCoLC)fst00854386
=650  \7$aAIDS (Disease)$xPatients$xHome care.$2fast$0(OCoLC)fst00793880
=650  \7$aPOLITICAL SCIENCE$xPublic Policy$xSocial Services & Welfare.$2bisacsh
=650  \7$aPOLITICAL SCIENCE$xPublic Policy$xSocial Security.$2bisacsh
=650  \7$aMEDICAL$xPublic Health.$2bisacsh
=650  \7$aPOLITICAL SCIENCE$xPublic Policy$xSocial Services & Welfare.$2bisach
=650  \7$aPOLITICAL SCIENCE$xPublic Policy$xSocial Security.$2bisach
=650  \7$aMEDICAL$xPublic Health.$2bisach
=650  \7$achildren (people by age group)$2aat
=650  \6$aTuberculose.
=650  \6$aInfections à VIH.
=650  \6$aEnfants.
=650  \6$aEnfants aidants naturels$zZambie.
=650  \6$aSideens$xSoins à domicile$zZambie.
=650  \6$aSeropositifs$xSoins à domicile$zZambie.
=650  \6$aTuberculeux$xSoins à domicile$zZambie.
=650  22$aTuberculosis
=650  22$aHIV Infections
=650  12$aChild
=650  12$aCaregivers
=650  02$aHumans
=650  \0$aTuberculosis.
=650  \0$aHIV infections.
=650  \0$aChildren.
=650  \0$aChild caregivers$zZambia.
=650  \0$aAIDS (Disease)$xPatients$xHome care$zZambia.
=650  \0$aHIV-positive persons$xHome care$zZambia.
=650  \0$aTuberculosis$xPatients$xHome care$zZambia.
=651  \7$aZambia.$2fast$0(OCoLC)fst01209422
=655  \7$aElectronic books. $2local
=710  2\$aProject Muse.$edistributor
=830  \0$aBook collections on Project MUSE.
=856  40$zFull text available: $uhttps://muse.jhu.edu/book/49849/
=945  \\$aProject MUSE - 2017 Complete
=945  \\$aProject MUSE - 2017 Global Cultural Studies
=945  \\$aProject MUSE - 2017 African Studies

