=LDR  04953cam a22006734a 4500
=001  musev2_49851
=003  MdBmJHUP
=005  20241011131036.0
=006  m\\\\\o\\d\\\\\\\\
=007  cr||||||||nn|n
=008  160824s2017\\\\cou\\\\\o\\\\\\00\0\eng\d
=020  \\$a9781607325550
=020  \\$z9781607325390
=035  \\$a(OCoLC)973100736
=040  \\$aMdBmJHUP$cMdBmJHUP
=245  00$aAncient Maya Commerce : $bMultidisciplinary Research at Chunchucmil / $cedited by Scott Hutson.
=264  \1$aBoulder :$bUniversity Press of Colorado,$c[2017]
=264  \3$aBaltimore, Md. :$bProject MUSE, $c2017
=264  \4$c&copy;[2017]
=300  \\$a1 online resource (312 pages).
=336  \\$atext$btxt$2rdacontent
=337  \\$acomputer$bc$2rdamedia
=338  \\$aonline resource$bcr$2rdacarrier
=505  00$tIntroduction /$rScott R. Hutson and Bruce H. Dahlin --$tMap of Chunchucmil /$rScott Hutson and Aline Magnoni --$tArchitectural group typology and excavation sampling within Chunchucmil /$rScott R. Hutson, Aline Magnoni, Bruce H. Dahlin --$tChunchucmil chronology and site dynamics /$rSocorro Jimenez, Aline Magnoni, Eugenia Mansell, and Tara Bond-Freeman --$tChunchucmil's urban population /$rScott R. Hutson, Aline Magnoni, Traci Ardren, Chelsea Blackmore, and Travis Stanton --$tEnvironmental heterogeneity in the Chunchucmil economic region /$rDavid Hixson, Timothy Beach, Sheryl Luzzadder-Beach and Bruce H. Dahlin --$tHydrology on the edge of the Chicxulub Crater : Chunchucmil and Uc-Cansahcab groundwater resources /$rSheryl Luzzadder-Beach and Timothy Beach --$tHinterland settlement patterns within the Chunchucmil economic region /$rDavid R. Hixson and Daniel E. Mazeau --$tSoils and agricultural carrying capacity /$rTimothy Beach, Sheryl Luzzadder-Beach, Ryan V. Sweetwood, Patrice Farrell, Daniel E. Mazeau, and Richard E. Terry --$tPerishable resources produced for exchange in the Chunchucmil economic region /$rBruce H. Dahlin, Traci Ardren, David R. Hixson, and Anthony P. Andrews --$tMarketing within Chunchucmil /$rScott R. Hutson, Richard E. Terry, and Bruce H. Dahlin --$tConnections beyond Chunchucmil /$rTraci Ardren, Scott R. Hutson, David R. Hixson and Justin Lowry --$tConclusion /$rScott R. Hutson.
=506  0\$aOpen Access$fUnrestricted online access$2star
=520  \\$aNearly two decades of research at Chunchucmil, Yucatan, Mexico documented a thriving city of 40,000 people without the powerful kings and massive temples seen at other Maya centers. What brought people to this area, the driest in the Maya world, and how did they survive? Ancient Maya Commerce provides a pioneering study in economic anthropology, making the strongest case yet that ancient Maya economies were quite complex, containing markets in addition to other forms of exchange. Multiple lines of evidence including household archaeology, regional survey, paleo-ecology and soil chemistry show that Chunchucmil was a major center for both short and long distance trade, integrating the Guatemalan highlands, the Gulf of Mexico and the interior of the northern Maya lowlands. By placing Chunchucmil into the broader context of emerging research at other Maya cities, this book helps reorient our understanding of ancient Maya economies, foregrounding the increasingly important role of commerce.
=546  \\$aIn English.
=588  \\$aDescription based on print version record.
=650  \7$aMayas$xEconomic conditions.$2fast$0(OCoLC)fst01012791
=650  \7$aMayas$xCommerce.$2fast$0(OCoLC)fst01012785
=650  \7$aMayas$xAntiquities.$2fast$0(OCoLC)fst01012778
=650  \7$aExcavations (Archaeology)$2fast$0(OCoLC)fst00917564
=650  \7$aAntiquities.$2fast$0(OCoLC)fst00810745
=650  \7$aSOCIAL SCIENCE$xGeneral.$2bisacsh
=650  \7$aSOCIAL SCIENCE$vgeneral.$2bisacsh
=650  \7$aHISTORY$zLatin America$zMexico.$2bisacsh
=650  \7$aArchaeology.$2bicssc
=650  \7$aHumanities.$2bicssc
=650  \6$aMayas$xCommerce.
=650  \6$aMayas$xConditions economiques.
=650  \6$aMayas$xAntiquites.
=650  \6$aFouilles (Archeologie)$zMexique$zChunchucmil (Site archeologique)
=650  \0$aMayas$xCommerce.
=650  \0$aMayas$xEconomic conditions.
=650  \0$aMayas$xAntiquities.
=650  \0$aExcavations (Archaeology)$zMexico$zChunchucmil Site.
=651  \7$aMexico$zChunchucmil Site.$2fast$0(OCoLC)fst01879771
=651  \7$aMexico.$2fast$0(OCoLC)fst01211700
=651  \6$aMexique$xAntiquites.
=651  \6$aChunchucmil (Mexique : Site archeologique)
=651  \0$aMexico$xAntiquities.
=651  \0$aChunchucmil Site (Mexico)
=655  \7$aElectronic books. $2local
=700  1\$aHutson, Scott,$eeditor.
=710  2\$aProject Muse.$edistributor
=830  \0$aBook collections on Project MUSE.
=856  40$zFull text available: $uhttps://muse.jhu.edu/book/49851/
=945  \\$aProject MUSE - 2017 Complete
=945  \\$aProject MUSE - 2017 Archaeology and Anthropology

