=LDR  03163cam a22004454a 4500
=001  musev2_50019
=003  MdBmJHUP
=005  20241011131234.0
=006  m\\\\\o\\d\\\\\\\\
=007  cr||||||||nn|n
=008  160906s2017\\\\cou\\\\\o\\\\\\00\0\eng\d
=010  \\$z  2016040704
=020  \\$a9781607325673
=020  \\$z9781607325666
=020  \\$z9781646420445
=035  \\$a(OCoLC)973847546
=040  \\$aMdBmJHUP$cMdBmJHUP
=050  04$aF1435.3.E72$bO55 2017
=082  0\$a305.89742$223
=245  05$a"The Only True People" : $bLinking Maya Identities Past and Present / $cedited by Bethany J. Beyyette, Lisa J. LeCount.
=264  \1$aBoulder :$bUniversity Press of Colorado,$c[2017]
=264  \3$aBaltimore, Md. :$bProject MUSE, $c2017
=264  \4$c©[2017]
=300  \\$a1 online resource (306 pages).
=336  \\$atext$btxt$2rdacontent
=337  \\$acomputer$bc$2rdamedia
=338  \\$aonline resource$bcr$2rdacarrier
=505  00$tIntroduction : on constructing a shared understanding of historical pasts and nearing futures /$rBethany J. Beyyette --$tReimaging the world : Maya religious practices and the construction of ethnicity in Mesoamerican frame /$rMathew C. Samson --$tFrom ethnogenesis to ethnoexodus : Mayas, Dzulo'ob, and the politics of identity in Yucatán /$rJuan Castillo Cocom, Timoteo Rodriguez, and McCale Ashenbrener --$tItzaj and Mopan identities in Peten, Guatemala /$rCharles Andrew Hofling -- Maya ethnogenesis and group identity in Yucatan, 1500-1900 /$rMatthew Restall and Wolfgang Gabbert --$tDifferentiation among Maya speakers : evidence from comparative linguistics and from hieroglyphic texts /$rMartha J. Macri -- Right place, right time : preconditions for ethnogenesis among the classic Maya of the Upper Belize River Valley /$rLisa J. LeCount --$tHe's Maya, but he's not my brother : exploring the place of ethnicity in classic Maya social organization /$rDamien B. Marken, Stanley P. Guenter, and David A. Freidel --$tConsidering the edge effect : ethnogenesis and classic period society in the southeastern Maya area /$rMarcello A. Canuto and Ellen E. Bell --$tCopan, Honduras, a multi-ethnic melting pot during the late classic? /$rRebecca Storey --$tConclusion /$rEd Schortman.
=506  0\$aOpen Access$fUnrestricted online access$2star
=520  \\$a"A timely and rigorous examination of ethnicity among the ancient Maya, focusing on ethnogenesis and exploring the complexities of Maya identity--how it developed, how it emerged and how it continues to change. Challenges the notion of ethnically homogenous "Maya peoples" for their region and chronology"--Provided by publisher.
=588  \\$aDescription based on print version record.
=650  \0$aMayas$xEthnic identity.
=655  \7$aElectronic books. $2local
=700  1\$aLeCount, Lisa J.$q(Lisa Jeanne),$d1955-$eeditor.
=700  1\$aBeyyette, Bethany J.,$eeditor.
=710  2\$aProject Muse.$edistributor
=830  \0$aBook collections on Project MUSE.
=856  40$zFull text available: $uhttps://muse.jhu.edu/book/50019/
=945  \\$aProject MUSE - 2017 Complete
=945  \\$aProject MUSE - 2017 Archaeology and Anthropology

