=LDR  05278cam a22006014a 4500
=001  musev2_50522
=003  MdBmJHUP
=005  20241011131333.0
=006  m\\\\\o\\d\\\\\\\\
=007  cr||||||||nn|n
=008  170310s2017\\\\miu\\\\\o\\\\\\00\0\eng\d
=020  \\$a9780472900756
=020  \\$z9780472122714
=020  \\$z9780472130313
=035  \\$a(OCoLC)974947641
=040  \\$aMdBmJHUP$cMdBmJHUP
=245  00$aChina and the West : $bMusic, Representation, and Reception / $cedited by Hon-Lun Yang and Michael Saffle.
=264  \1$aAnn Arbor :$bUniversity of Michigan Press,$c[2017]
=264  \3$aBaltimore, Md. :$bProject MUSE, $c2017
=264  \4$c©[2017]
=300  \\$a1 online resource (344 pages).
=336  \\$atext$btxt$2rdacontent
=337  \\$acomputer$bc$2rdamedia
=338  \\$aonline resource$bcr$2rdacarrier
=505  00$tMusic, China, and the West : a musical-theoretical introduction /$rHon-Lun Yang --$tThe pipe organ of the Baroque era in China /$rDavid Francis Urrows --$tFrom colonial modernity to global identity : the Shanghai Municipal Orchestra /$rHon-Lun Yang --$tCalafati, Sou-Chong, Lang Lang, and Li Wei : two hundred years of "the Chinese" in Austrian music, drama, and film /$rCornelia Szabâo-Knotik --$tEastern fantasies on Western stages : Chinese-themed operettas and musical comedies in turn-of-the-last-century London and New York /$rMichael Saffle --$tThe many lives of Flower drum song (1957-2002) : negotiating Chinese American identity in print, on stage, and on screen /$rJames Deaville --$tDeterritorializing spirituality : intercultural encounters in Iron road /$rMary Ingraham --$tChinese opera percussion from model opera to Tan Dun /$rNancy Yunhwa Rao --$tSpanning the timbral divide : insiders, outsiders, and novelty in Chinese-Western fusion concertos /$rJohn Winzenburg --$tCombinations of the familiar and the strange : aspects of Asian-Dutch encounters in recent music history /$rEmile Wennekes --$tThe Shanghai Quartet's Chinasong : a musical counterpart to English-language cultural revolution memoirs? /$rEric Hung --$tContested imaginaries of collective harmony : the poetics and politics of "silk road" nostalgia in China and the West /$rHarm Langenkamp --$tWhen a great nation emerges : Chinese music in the world /$rFrederick Lau --$gA postscipt /$rMichael Saffle.
=506  0\$aOpen Access$fUnrestricted online access$2star
=520  8\$aWestern music reached China nearly four centuries ago, with the arrival of Christian missionaries, yet only within the last century has Chinese music absorbed its influence. The emergence of "Westernized" music from China -concurrent with the technological advances that have made global culture widely accessible - has not established a prominent presence in the West. China and the West brings together essays on centuries of Sino-Western musical exchange by musicologists, ethnomusicologists, and music theorists from around the world. It opens with a look at theoretical approaches of prior studies of musical encounters and a comprehensive survey of the intercultural and cross-cultural theoretical frameworks-exoticism, orientalism, globalization, transculturation, and hybridization-that inform these essays. Part I focuses on the actual encounters between Chinese and European musicians, their instruments and institutions, and the compositions inspired by these encounters, while Part II examines theatricalized and mediated East-West cultural exchanges, which often drew on stereotypical tropes, resulting in performances more inventive than accurate. Part III looks at the musical language, sonority, and subject matters of "intercultural" compositions by Eastern and Western composers. Essays in Part IV address reception studies and consider the ways in which differences are articulated in musical discourse by actors serving different purposes, whether self-promotion, commercial marketing, or modes of nationalistic-even propagandistic-expression
=546  \\$aIn English.
=588  \\$aDescription based on print version record.
=650  \7$aOrientalism in music.$2fast$0(OCoLC)fst01200643
=650  \7$aMusic$xWestern influences.$2fast$0(OCoLC)fst01030465
=650  \7$aMusic$xChinese influences.$2fast$0(OCoLC)fst01030296
=650  \7$aExoticism in music.$2fast$0(OCoLC)fst00918281
=650  \7$aMUSIC$xGeneral.$2bisacsh
=650  \7$aMUSIC$xReference.$2bisacsh
=650  \7$aMUSIC$xGenres & Styles$xClassical.$2bisacsh
=650  \6$aOrientalisme dans la musique.
=650  \6$aExotisme dans la musique.
=650  \6$aMusique$xInfluence chinoise.
=650  \0$aOrientalism in music.
=650  \0$aExoticism in music.
=650  \0$aMusic$zChina$xWestern influences.
=650  \0$aMusic$xChinese influences.
=651  \7$aChina.$2fast$0(OCoLC)fst01206073
=655  \7$aElectronic books. $2local
=700  1\$aSaffle, Michael,$d1946-$eeditor.
=700  1\$aYang, Hon-Lun,$eeditor.
=710  2\$aProject Muse.$edistributor
=830  \0$aBook collections on Project MUSE.
=856  40$zFull text available: $uhttps://muse.jhu.edu/book/50522/
=945  \\$aProject MUSE - 2017 Complete
=945  \\$aProject MUSE - 2017 Film, Theater and Performing Arts
=945  \\$aProject MUSE - 2017 Asian and Pacific Studies

