=LDR  03551cam a22005054a 4500
=001  musev2_50584
=003  MdBmJHUP
=005  20241011131419.0
=006  m\\\\\o\\d\\\\\\\\
=007  cr||||||||nn|n
=008  161212s2017\\\\cou\\\\\o\\\\\\00\0\eng\d
=010  \\$z  2016056647
=020  \\$a9781607325727
=020  \\$z9781607326595
=020  \\$z9781607325710
=035  \\$a(OCoLC)974947527
=040  \\$aMdBmJHUP$cMdBmJHUP
=043  \\$an------$as------
=050  04$aGF500$b.L44 2017
=245  00$aLegacies of Space and Intangible Heritage : $bArchaeology, Ethnohistory, and the Politics of Cultural Continuity in the Americas / $cedited by Fernando Armstrong-Fumero and Julio Hoil Gutierrez.
=264  \1$aBoulder :$bUniversity Press of Colorado,$c[2017]
=264  \3$aBaltimore, Md. :$bProject MUSE, $c2017
=264  \4$c©[2017]
=300  \\$a1 online resource.
=336  \\$atext$btxt$2rdacontent
=337  \\$acomputer$bc$2rdamedia
=338  \\$aonline resource$bcr$2rdacarrier
=504  \\$aIncludes bibliographical references and index.
=505  00$tSettlement patterns, intangible memory, and the institutional entanglements of heritage in modern Yucatán /$rFernando Armstrong-Fumero and Julio Hoil Gutierrez --$tHopisinmuy wu'ya'mat hisat yang tupqa'va yeesiwngwu (Hopi ancestors lived in these canyons) /$rMaren P. Hopkins, Stewart B. Koyiyumptewa, Saul Hedquist, T.J. Ferguson, Chip Colwell --$tDesigns on/of the land : competing visions, displacement, and landscape memory in British colonial Honduras /$rChristine Kray, Minette Church, Jason Yaeger --$tCultivating community : the archaeology of Japanese American confinement at Amache /$rBonnie Clark --$tIndigenous house plans and land in Mexico City (16th century) : reflections on the buying and selling, inheritance, and conflicts surrounding houses and land /$rKeiko Yoneda ; translated by Hannah Becker --$tThe archaeology of place in Ebtun, Yucatán, Mëxico /$rRani T. Alexander  --$tNames, naming, and person reference in Quiahije Chatino /$rEmiliana Cruz --$tA culturescape built over 5000 years, archaeology and Vichama Raymi in the forge of history /$rWinifred Creamer, Jonathan Haas, Henry Marcelo Castillo --$tInterpreting long-term human environment interaction in Amazonia /$rA.C. Roosevelt.
=506  0\$aOpen Access$fUnrestricted online access$2star
=520  \\$a"An interdisciplinary exploration of the intersections between the study and management of physical sites and reproduction of intangible cultural legacies. Nine case studies that explore different ways place is mediated by social, political, and ecological processes with historical roots that effect the politics of heritage management"--Provided by publisher.
=588  \\$aDescription based on print version record.
=650  \0$aHistoric sites$zAmerica$xManagement$vCase studies.
=650  \0$aHistoric sites$xConservation and restoration$zAmerica$vCase studies.
=650  \0$aCultural property$zAmerica$xManagement$vCase studies.
=650  \0$aCultural property$xProtection$zAmerica$vCase studies.
=650  \0$aCultural landscapes$zAmerica$vCase studies.
=655  \7$aElectronic books. $2local
=700  1\$aHoil Gutierrez, Julio,$eeditor.
=700  1\$aArmstrong-Fumero, Fernando,$eeditor.
=710  2\$aProject Muse.$edistributor
=830  \0$aBook collections on Project MUSE.
=856  40$zFull text available: $uhttps://muse.jhu.edu/book/50584/
=945  \\$aProject MUSE - 2017 Complete
=945  \\$aProject MUSE - 2017 Archaeology and Anthropology

