=LDR  04207cam a22005054a 4500
=001  musev2_50585
=003  MdBmJHUP
=005  20241011131420.0
=006  m\\\\\o\\d\\\\\\\\
=007  cr||||||||nn|n
=008  160928s2017\\\\cou\\\\\o\\\\\\00\0\eng\d
=010  \\$z  2016044391
=020  \\$a9781607325741
=020  \\$z9781607328681
=020  \\$z9781607325734
=035  \\$a(OCoLC)974947237
=040  \\$aMdBmJHUP$cMdBmJHUP
=050  04$aF799$b.N47 2017
=245  00$aNew Mexico and the Pimería Alta : $bThe Colonial Period in the American Southwest / $cedited by John G. Douglass and William M. Graves.
=264  \1$aBoulder :$bUniversity Press of Colorado,$c[2017]
=264  \3$aBaltimore, Md. :$bProject MUSE, $c2017
=264  \4$c©[2017]
=300  \\$a1 online resource.
=336  \\$atext$btxt$2rdacontent
=337  \\$acomputer$bc$2rdamedia
=338  \\$aonline resource$bcr$2rdacarrier
=504  \\$aIncludes bibliographical references and index.
=505  00$tSpanish colonists and Native Americans in the American Southwest : conceptualizations and comparisons /$rJohn G. Douglass and William M. Graves --$t"The peace that was granted had not been kept" : Coronado in the Tiguex Province, 1540-1542 /$rMatthew Schmader --$tMeeting in places : seventeenth-century Puebloan and Spanish landscapes /$rPhillip O. Leckman --$tHopi weaving and the colonial encounter : a study of persistence through change /$rLaurie D. Webster --$tThe Pueblo world transformed : alliances, factionalism, and animosities in the Northern Rio Grande, 1680-1700 /$rMatthew Liebmann, Robert Preucel, and Joseph Aguilar --$tComanche New Mexico : the eighteenth century /$rSeverin Fowles, Jimmy Arterberry, Lindsay Montgomery and Heather Atherton --$tAquí me quedo : vecino origins and the settlement archaeology of the Rio del Oso grant, New Mexico /$rJ. Andrew Darling and B. Sunday Eiselt --$tBecoming vecinos : civic identities in late colonial New Mexico /$rKelly L. Jenks --$tMoquis, Kastiilam, and the trauma of history : Hopi oral traditions of seventeenth-century Franciscan missionary abuses /$rThomas E. Sheridan and Stewart B. Koyiyumptewa --$tPopulation dynamics in the Pimería Alta, a.d. 1650/1750 /$rLauren Jelinek and Dale Brenneman --$tMissions, livestock, and economic transformations in the Pimería Alta /$rBarnet Pavao-Zuckerman --$tLife in Tucson, on the northern frontier of the Pimería Alta /$rJ. Homer Thiel --$tO'odham irrigated agriculture response to colonization on the middle Gila River, Southern Arizona /$rColleen Strawhacker --$tThe archaeology of colonialism in the American Southwest and Alta California : some observations and comments /$rKent G. Lightfoot --$tMateriality matters : colonial transformations spanning the southwestern and southeastern borderlands /$rDavid Hurst Thomas.
=506  0\$aOpen Access$fUnrestricted online access$2star
=520  \\$a"Focusing on two areas of the Southwest that witnessed intensive and sustained colonial encounters and compares how different forms of colonialism and indigenous political economies structured the outcomes of those encounters. A holistic approach studying both colonist and indigenous perspectives through archaeological, ethnohistoric, historic, and landscape data"--Provided by publisher.
=588  \\$aDescription based on print version record.
=650  \0$aEthnoarchaeology$zSouthwest, New.
=650  \0$aEthnoarchaeology$zPimería Alta (Mexico and Ariz.)
=650  \0$aIndians of North America$xFirst contact with Europeans$zSouthwest, New$xHistory.
=650  \0$aIndians of North America$xFirst contact with Europeans$zPimería Alta (Mexico and Ariz.)$xHistory.
=650  \0$aSpaniards$zSouthwest, New$xHistory.
=650  \0$aSpaniards$zPimería Alta (Mexico and Ariz.)$xHistory.
=655  \7$aElectronic books. $2local
=700  1\$aGraves, William M.,$eeditor.
=700  1\$aDouglass, John G.,$d1968-$eeditor.
=710  2\$aProject Muse.$edistributor
=830  \0$aBook collections on Project MUSE.
=856  40$zFull text available: $uhttps://muse.jhu.edu/book/50585/
=945  \\$aProject MUSE - 2017 Complete
=945  \\$aProject MUSE - 2017 Archaeology and Anthropology

