=LDR  03586cam a22005894a 4500
=001  musev2_50531
=003  MdBmJHUP
=005  20241011131338.0
=006  m\\\\\o\\d\\\\\\\\
=007  cr||||||||nn|n
=008  120622t20112011sa\\\\\\o\\\\\\00\0\eng\d
=020  \\$a9781868145539
=020  \\$z9781868145423
=020  \\$z9781868147816
=035  \\$a(OCoLC)1016765438
=040  \\$aMdBmJHUP$cMdBmJHUP
=100  1\$aBooysen, Susan,$eauthor.
=245  14$aThe African National Congress and the Regeneration of Political Power / $cSusan Booysen.
=264  \1$aJohannesburg :$bWits University Press,$c[2011]
=264  \3$aBaltimore, Md. :$bProject MUSE, $c2018
=264  \4$c&copy;[2011]
=300  \\$a1 online resource (536 pages): $billustrations, charts, figures, tables
=336  \\$atext$btxt$2rdacontent
=337  \\$acomputer$bc$2rdamedia
=338  \\$aonline resource$bcr$2rdacarrier
=505  0\$aIntroduction : ANC pathways to claiming, consolidating and regenerating political power -- Aluta continua, from Polokwane to Mangaung -- The ANC and its pillars of people's power -- Power through the ballot and the brick -- Participation and power through co-operation, complicity, co-optation -- Power through elections: serial declines, but the centre holds -- Floor-crossing and entrenchment of ANC electoral supremacy -- Subjugation and demise of the (new) National Party -- Countered and cowered Congress of the People (Cope) -- State institutions as site of struggle in ANC wars -- Between centralisation and centralism : the Presidency of South Africa -- Policy, pursuit of the 'turn to the left' and the paradox of continuity -- ANC at a critical conjuncture : movement, people, elections, governance.
=506  0\$aOpen Access$fUnrestricted online access$2star
=520  \\$aThe ANC is a party-movement that draws on its liberation credentials yet is conflicted by a multitude of weaknesses, factions and internal succession battles. Booysen constructs her analysis around the ANC's four faces of political power - organisation, people, political parties and elections, and policy and government - and explores how, since 1994, it has acted to continuously regenerate its power.
=546  \\$aIn English.
=588  \\$aDescription based on print version record.
=610  27$aAfrican National Congress.$2fast$0(OCoLC)fst00549188
=610  20$aAfrican National Congress.
=650  \7$aPower (Social sciences)$2fast$0(OCoLC)fst01074219
=650  \7$aPolitics and government.$2fast$0(OCoLC)fst01919741
=650  \7$aPOLITICAL SCIENCE$xPolitical Ideologies$xDemocracy.$2bisacsh
=650  \7$aPOLITICAL SCIENCE$xGeneral.$2bisacsh
=650  \7$aPolitics and government.$2bicssc
=650  \7$aSociety and social sciences Society and social sciences.$2bicssc
=650  \6$aPouvoir (Sciences sociales)$zAfrique.
=650  \0$aPower (Social sciences)$zAfrica.
=651  \7$aSouth Africa.$2fast$0(OCoLC)fst01204616
=651  \7$aAfrica.$2fast$0(OCoLC)fst01239509
=651  \6$aAfrique$xPolitique et gouvernement$y1960-
=651  \0$aSouth Africa$xPolitics and government$y1994-
=651  \0$aAfrica$xPolitics and government$y1960-
=655  \7$aElectronic books. $2local
=710  2\$aProject Muse.$edistributor
=830  \0$aBook collections on Project MUSE.
=856  40$zFull text available: $uhttps://muse.jhu.edu/book/50531/
=945  \\$aProject MUSE - Archive Complete Supplement VI
=945  \\$aProject MUSE - Archive Political Science and Policy Studies Supplement VI
=945  \\$aProject MUSE - Archive African Studies Supplement V

