=LDR  04665cam a22006974a 4500
=001  musev2_50550
=003  MdBmJHUP
=005  20241011131355.0
=006  m\\\\\o\\d\\\\\\\\
=007  cr||||||||nn|n
=008  151113s2015\\\\sa\\\\\\o\\\\\\00\0\eng\d
=010  \\$z  2015494759
=020  \\$a9781868148592
=020  \\$z9781868148578
=020  \\$z9781868148561
=035  \\$a(OCoLC)1016677722
=040  \\$aMdBmJHUP$cMdBmJHUP
=245  00$aGaze Regimes : $bFilm and feminisms in Africa / $cedited by Jyoti Mistry and Antje Schuhm.
=264  \1$aJohannesburg :$bWits University Press,$c2015.
=264  \3$aBaltimore, Md. :$bProject MUSE, $c2018
=264  \4$c&copy;2015.
=300  \\$a1 online resource (264 pages): $billustrations
=336  \\$atext$btxt$2rdacontent
=337  \\$acomputer$bc$2rdamedia
=338  \\$aonline resource$bcr$2rdacarrier
=505  0\$aIntroduction: By way of context and content -- 1 African Women in Cinema: An overview -- 2 'I am a feminist only in secret' -- 3 Staged Authenticity: Femininity in photography and film -- 4 'Power is in your own hands': Why Jihan El-Tahri does not like movements -- 5 Aftermath: A focus on collective trauma -- 6 Shooting Violence and Trauma: Traversing visual and social topographies in Zanele Muholi's work -- 7 Puk Nini: A Filmic Instruction in Seduction: Exploring class and sexuality in gender relations -- 8 I am Saartjie Baartman -- 9 Filmmaking at the Margins of a Community: On co-producing Elelwani -- 10 On Collective Practice and Collected Reflections -- 11 'Cinema of resistance' -- 12 Dark and Personal -- 13 'Change? This might mean to shove a few men out' -- 14 Barakat! means Enough! -- 15 'Women, use the gaze to change reality' -- 16 Post-colonial Film Collaboration and Festival Politics -- 17 Tsitsi Dangarembga: A manifesto.
=506  0\$aOpen Access$fUnrestricted online access$2star
=520  \\$aGaze Regimes is a bricolage of essays and interviews showcasing the experiences of women working in film, either directly as practitioners or in other areas such as curators, festival programme directors or fundraisers. It does not shy away from questioning the relations of power in the practice of filmmaking and the power invested in the gaze itself. Who is looking and who is being looked at, who is telling women's stories in Africa and what governs the mechanics of making those films on the continent? The interviews with film practitioners such as Tsitsi Dangarembga, Taghreed Elsanhouri, Jihan El-Tahri, Anita Khanna, Isabel Noronhe, Arya Lalloo and Shannon Walsh demonstrate the contradictory points of departure of women in film - from their understanding of feminisms in relation to lived-experiences and the realpolitik of women working as cultural practitioners. Jyoti Mistry, Antje Schuhmann, Nobunye Levin, Dorothee Wenner and Christina von Braun are some of the contributors.
=588  \\$aDescription based on print version record.
=650  \7$aWomen in motion pictures.$2fast$0(OCoLC)fst01177931
=650  \7$aMotion pictures$xSocial aspects.$2fast$0(OCoLC)fst01027384
=650  \7$aMotion pictures, African.$2fast$0(OCoLC)fst01027477
=650  \7$aMotion picture industry$xSocial aspects.$2fast$0(OCoLC)fst01027186
=650  \7$aMarginality, Social, in motion pictures.$2fast$0(OCoLC)fst01009176
=650  \7$aFeminism.$2fast$0(OCoLC)fst00922671
=650  \7$aART$xFilm & Video.$2bisacsh
=650  \7$aFilms, cinema.$2bicssc
=650  \7$aFilm, TV and radio.$2bicssc
=650  \7$aThe arts.$2bicssc
=650  \6$aMarginalite au cinema.
=650  \6$aCinema$xAspect social$zAfrique.
=650  \6$aFeminisme$zAfrique.
=650  \6$aCinema$xIndustrie$xAspect social$zAfrique.
=650  \6$aFemmes au cinema.
=650  \0$aMarginality, Social, in motion pictures.
=650  \0$aMotion pictures$xSocial aspects$zAfrica.
=650  \0$aMotion pictures, African.
=650  \0$aFeminism$zAfrica.
=650  \0$aMotion picture industry$xSocial aspects$zAfrica.
=650  \0$aWomen in motion pictures.
=651  \7$aAfrica.$2fast$0(OCoLC)fst01239509
=655  \7$aElectronic books. $2local
=700  1\$aRuckteschell, Katharina von,$d1962-$ewriter of foreword.
=700  1\$aSchuhmann, Antje,$eeditor.
=700  1\$aMistry, Jyoti,$eeditor.
=710  2\$aProject Muse.$edistributor
=830  \0$aBook collections on Project MUSE.
=856  40$zFull text available: $uhttps://muse.jhu.edu/book/50550/
=945  \\$aProject MUSE - Archive Complete Supplement VI
=945  \\$aProject MUSE - Archive Film, Theater and Performing Arts Supplement VI
=945  \\$aProject MUSE - Archive African Studies Supplement V

