=LDR  05155cam a22005054a 4500
=001  musev2_50563
=003  MdBmJHUP
=005  20241011131405.0
=006  m\\\\\o\\d\\\\\\\\
=007  cr||||||||nn|n
=008  131217t20122012sa\\\\\\o\\\\\\00\0\eng\d
=020  \\$a9781776142873
=020  \\$z9781868145737
=035  \\$a(OCoLC)1016614526
=040  \\$aMdBmJHUP$cMdBmJHUP
=245  00$aOne Hundred Years of the ANC : $bDebating liberation histories today / $cedited by Arianna Lissoni, Jon Soske, Natasha Erlank, Noor Nieftagodien and Omar Badsha.
=264  \1$aSouth Africa :$bWits University Press,$c2012.
=264  \3$aBaltimore, Md. :$bProject MUSE, $c2018
=264  \4$c&copy;2012.
=300  \\$a1 online resource (408 pages): $billustrations
=336  \\$atext$btxt$2rdacontent
=337  \\$acomputer$bc$2rdamedia
=338  \\$aonline resource$bcr$2rdacarrier
=500  \\$a"Based on a selection of papers presented at the One Hundred Years of the ANC: Debating Liberation and Democracy Today Conference, held at the University of Witwatersrand, Johannesburg, from 20-23 September 2011"--Preliminary pages.
=505  0\$aFragmentation and cohesion in the ANC : the first 70 years / Philip Bonner -- A continuing search for identity : carrying the burden of history / Joel Netshitenzhe -- One hundred years of the ANC : debating struggle history after apartheid / Jon Soske, Arianna Lissoni and Natasha Erlank -- Religion and resistance in Natal, 1900-1910 / Norman Etherington -- Christianity and African Nationalism in South Africa in the first half of the twentieth century / Natasha Erlank -- Charlotte Maxeke : a celebrated and neglected figure in history / Thozama April -- Imagining the patriotic worker : the idea of 'decent work' in the ANC's political discourse / Franco Barchiesi -- Popular movements, contentious spaces and the ANC, 1943-1956 / Noor Nieftagodien -- Unravelling the 1947 'Doctors' Pact' : race, metonymy and the evasions of nationalist history / Jon Soske -- The politics of language and Chief Albert Luthuli's funeral, 30 July 1967 / Liz Gunner -- Robben Island University revisited / Crain Soudien -- Shishita : a crisis in the ANC in Zambia, 1980-1981 / Hugh Macmillan -- Comrade Mzwai / Vladimir Shubin -- Revisiting Sekhukhuneland : trajectories of former UDF activists in post-apartheid South Africa / Ineke van Kessel -- Regeneration of ANC political power, from the 1994 electoral victory to the 2012 centenary / Susan Booysen -- The ANC : party vanguard of the Black middle class? / Roger Southall -- Globalisation, recolonisation and the paradox of liberation in Southern Africa / John Saul.
=506  0\$aOpen Access$fUnrestricted online access$2star
=520  \\$a"On 8 January 2012 the African National Congress (ANC) of South Africa, the oldest African nationalist organisation on the continent, celebrated its one hundredth anniversary. This historic event has generated significant public debate within both the ANC and South African society at large. There is no better time to critically reflect on the ANC{lcub}u2019{rcub}s historical trajectory and struggle against colonialism and apartheid than in its centennial year. One Hundred Years of the ANC is a collection of new work by renowned South African and international scholars. Covering a broad chronological and geographical spectrum and using a diverse range of sources, the contributors build upon but also extend the historiography of the ANC by tapping into marginal spaces in ANC history. By moving away from the celebratory mode that has characterised much of the contemporary discussions on the centenary, the contributors suggest that the relationship between the histories of earlier struggles and the present needs to be rethought in more complex terms. Collectively, the book chapters challenge hegemonic narratives that have become an established part of South Africa{lcub}u2019{rcub}s national discourse since 1994. By opening up debate around controversial or obscured aspects of the ANC{lcub}u2019{rcub}s century-long history, One hundred years of the ANC sets out an agenda for future research"--Publisher's website.
=588  \\$aDescription based on print version record.
=610  20$aAfrican National Congress$xHistory$vCongresses.
=610  20$aAfrican National Congress$vCongresses.
=650  \0$aGovernment, Resistance to$zSouth Africa$xHistory$y20th century$vCongresses.
=650  \0$aBlacks$zSouth Africa$xPolitics and government$y20th century$vCongresses.
=651  \0$aSouth Africa$xPolitics and government$y20th century$vCongresses.
=655  \7$aElectronic books. $2local
=700  1\$aBadsha, Omar,$eeditor.
=700  1\$aNieftagodien, Noor,$eeditor.
=700  1\$aErlank, Natasha,$eeditor.
=700  1\$aSoske, Jon,$d1977-$eeditor.
=700  1\$aLissoni, Arianna,$eeditor.
=710  2\$aProject Muse.$edistributor
=830  \0$aBook collections on Project MUSE.
=856  40$zFull text available: $uhttps://muse.jhu.edu/book/50563/
=945  \\$aProject MUSE - Archive Complete Supplement VI
=945  \\$aProject MUSE - Archive History Supplement VI
=945  \\$aProject MUSE - Archive African Studies Supplement V

