=LDR  03570cam a22006014a 4500
=001  musev2_51040
=003  MdBmJHUP
=005  20241011131925.0
=006  m\\\\\o\\d\\\\\\\\
=007  cr||||||||nn|n
=008  170217s2017\\\\nyu\\\\\o\\\\\\00\0\eng\d
=010  \\$z  2016051380
=020  \\$a9780823276523
=020  \\$z9780823276509
=020  \\$z082327652X
=035  \\$a(OCoLC)976089217
=040  \\$aMdBmJHUP$cMdBmJHUP
=100  1\$aPuckett, Kent,$eauthor.
=245  10$aWar Pictures : $bCinema, Violence, and Style in Britain, 1939-1945 / $cKent Puckett.
=264  \1$aNew York :$bFordham University Press,$c2017.
=264  \3$aBaltimore, Md. :$bProject MUSE, $c2017
=264  \4$c&copy;2017.
=300  \\$a1 online resource (288 pages): $billustrations
=336  \\$atext$btxt$2rdacontent
=337  \\$acomputer$bc$2rdamedia
=338  \\$aonline resource$bcr$2rdacarrier
=490  0\$aWorld War II: the global, human, and ethical dimension ;$v[25]
=505  0\$aIntroduction -- "But what is it about?" : the life and death of Colonel Blimp -- Pistol's two bodies : Henry V at war -- Celia Johnson's face : before and after brief encounter -- Epilogue : Derek Jarman's war.
=506  0\$aOpen Access$fUnrestricted online access$2star
=520  \\$aIn 'War Pictures', Puckett looks at how Britain imagined, saw, and sought to represent its war during wartime. How did the material and conceptual pressures of total war affect what it meant to see or to make art? How did culture and, in particular, cinema function as propaganda, as criticism, as a form of self-analysis, as a reflection on war and the kinds of violence it tends to unleash? How did British filmmakers, writers, critics, and politicians understand the nature and consequence of total war as it related to ideas about freedom and security, the idea of national character, and the daunting persistence of human violence? 'War Pictures' is also about violence, aesthetics, and conceptual difficulties of war in general; in other words, beginning with a close and critical analysis of a particular cultural scene, the author makes strong and important claims about where the historiography of war, the philosophy of violence, and aesthetics come importantly together.
=588  \\$aDescription based on print version record.
=650  \7$aWar films.$2fast$0(OCoLC)fst01170482
=650  \7$aWar and motion pictures.$2fast$0(OCoLC)fst01919878
=650  \7$aMotion pictures.$2fast$0(OCoLC)fst01027285
=650  \7$aPERFORMING ARTS$xFilm & Video$xHistory & Criticism.$2bisacsh
=650  \7$aPERFORMING ARTS$xReference.$2bisacsh
=650  \7$aPERFORMING ARTS / Reference.$2bisach
=650  \6$aGuerre mondiale, 1939-1945$xCinema et guerre.
=650  \6$aFilms de guerre$zGrande-Bretagne$xHistoire et critique.
=650  \6$aCinema$zGrande-Bretagne$xHistoire.
=650  \0$aWorld War, 1939-1945$xMotion pictures and the war.
=650  \0$aWar films$zGreat Britain$xHistory and criticism.
=650  \0$aMotion pictures$zGreat Britain$xHistory.
=651  \7$aGreat Britain.$2fast$0(OCoLC)fst01204623
=655  \7$aHistory.$2fast$0(OCoLC)fst01411628
=655  \7$aCriticism, interpretation, etc.$2fast$0(OCoLC)fst01411635
=655  \7$aElectronic books. $2local
=710  2\$aKnowledge Unlatched.
=710  2\$aProject Muse.$edistributor
=830  \0$aBook collections on Project MUSE.
=856  40$zFull text available: $uhttps://muse.jhu.edu/book/51040/
=945  \\$aProject MUSE - 2017 Complete
=945  \\$aProject MUSE - 2017 Film, Theater and Performing Arts

