=LDR  03155cam a22005294a 4500
=001  musev2_51041
=003  MdBmJHUP
=005  20241011131925.0
=006  m\\\\\o\\d\\\\\\\\
=007  cr||||||||nn|n
=008  200721s2017\\\\nyu\\\\\o\\\\\\00\0\eng\d
=010  \\$z  2020394769
=020  \\$a9780823275823
=020  \\$z9780823275809
=020  \\$z0823275825
=035  \\$a(OCoLC)976138473
=040  \\$aMdBmJHUP$cMdBmJHUP
=245  04$aThe Insistence of Art : $bAesthetic Philosophy after Early Modernity / $cedited by Paul. A. Kottman.
=250  \\$aFirst edition.
=264  \1$aNew York, NY :$bFordham University Press,$c2017.
=264  \3$aBaltimore, Md. :$bProject MUSE, $c2017
=264  \4$c&copy;2017.
=300  \\$a1 online resource (304 pages).
=336  \\$atext$btxt$2rdacontent
=337  \\$acomputer$bc$2rdamedia
=338  \\$aonline resource$bcr$2rdacarrier
=505  0\$aIntroduction. The Claim of Art: Aesthetic Philosophy and Early Modern Artistry -- 1. Allegory, Poetic Theology, and Enlightenment Aesthetics -- 2. Object Lessons: Reification and Renaissance Epitaphic Poetry -- 3. How Do We Recognize Metaphysical Poetry? -- 4. Literature, Prejudice, Historicity: The Philosophical Importance of Herder's Shakespeare Studies -- 5. Reaching Conclusions: Art and Philosophy in Hegel and Shakespeare -- 6. "All Art Constantly Aspires to the Condition of Music" -- Except the Art of Music: Reviewing the Contest of the Sister Arts -- 7. The Beauty of Architecture at the End of the Seventeenth Century in Paris, Greece, and Rome -- 8. Strokes of Wit: Theorizing Beauty in Baroque Italy -- 9. Goya: Secularization and the Aesthetics of Belief.
=506  0\$aOpen Access$fUnrestricted online access$2star
=520  \\$a"Philosophers working on aesthetics have paid considerable attention to art and artists of the early modern period. Yet early modern artistic practices scarcely figure in recent work on the emergence of aesthetics as a branch of philosophy over the course the eighteenth century. This book addresses that gap, elaborating the extent to which artworks and practices of the fifteenth through the eighteenth centuries were accompanied by an immense range of discussions about the arts and their relation to one another"--$cfordhampress WWW site.
=546  \\$aIn English.
=588  \\$aDescription based on print version record.
=650  \7$aArt$xPhilosophy.$2fast$0(OCoLC)fst00815307
=650  \7$aAesthetics, Modern.$2fast$0(OCoLC)fst00798800
=650  \7$aPHILOSOPHY$xAesthetics.$2bisacsh
=650  \7$aPHILOSOPHY$xMetaphysics.$2bisacsh
=650  \7$aPHILOSOPHY$xMetaphysics.$2bisach
=650  \6$aArt$xPhilosophie.
=650  \0$aArt$xPhilosophy.
=650  \0$aAesthetics, Modern$xPhilosophy.
=655  \7$aEssays.$2fast$0(OCoLC)fst01919922
=655  \7$aElectronic books. $2local
=700  1\$aKottman, Paul A.,$d1970-$eeditor.
=710  2\$aProject Muse.$edistributor
=830  \0$aBook collections on Project MUSE.
=856  40$zFull text available: $uhttps://muse.jhu.edu/book/51041/
=945  \\$aProject MUSE - 2017 Complete
=945  \\$aProject MUSE - 2017 Philosophy and Religion

