=LDR  04162cam a22007934a 4500
=001  musev2_51697
=003  MdBmJHUP
=005  20241011132706.0
=006  m\\\\\o\\d\\\\\\\\
=007  cr||||||||nn|n
=008  160819s2017\\\\nyu\\\\\o\\\\\\00\0\eng\d
=010  \\$z  2016038725
=020  \\$a9781501708381
=020  \\$z9781501705144
=020  \\$z9781501705137
=020  \\$z9781501708374
=035  \\$a(OCoLC)957077683
=040  \\$aMdBmJHUP$cMdBmJHUP
=100  1\$aPelkmans, Mathijs,$d1973-$eauthor.
=245  10$aFragile Conviction : $bChanging Ideological Landscapes in Urban Kyrgyzstan / $cMathijs Pelkmans.
=264  \1$aIthaca :$bCornell University Press,$c2017.
=264  \3$aBaltimore, Md. :$bProject MUSE, $c2017
=264  \4$c©2017.
=300  \\$a1 online resource (232 pages).
=336  \\$atext$btxt$2rdacontent
=337  \\$acomputer$bc$2rdamedia
=338  \\$aonline resource$bcr$2rdacarrier
=505  0\$aCondition of uncertainty : life in an industrial wasteland -- What happened to Soviet atheism? -- Walking the truth in Islam with the Tablighi Jamaat -- Pentecostal miracle truth on the frontier -- The tenacity of spiritual healing and seeing -- Conclusion : pulsation : dynamics of conviction.
=506  0\$aOpen Access$fUnrestricted online access$2star
=520  \\$aHow does ideology function during periods of political and economic turmoil? This book, based on long-term ethnographic research in a destitute former mining town in Kyrgyzstan, testifies to the precariousness of life in the former Soviet republics in the decades after the collapse of the USSR. It follows inhabitants as they make sense of a radically changing world and as they try to imbue their lives with relevance and direction, while concentrating in depth on their engagement with a range of religious ideas and other ideological currents, including scientific atheism, evangelical Christianity, Sunni Islamic revivalism, and traditional shamanistic beliefs. By examining such a broad variety of belief systems and how they manifest themselves in daily life, the author provides new insights into how ideology works (or fails to work) and how cultural and religious convictions are collectively produced and shaped.
=546  \\$aIn English.
=588  \\$aDescription based on print version record.
=650  \7$aVolksreligion$2gnd
=650  \7$aPfingstbewegung$2gnd
=650  \7$aIslam$2gnd
=650  \7$aAtheismus$2gnd
=650  \7$aKonversion$gReligion$2gnd
=650  \7$aReligiöser Wandel$2gnd
=650  \7$aPostkommunismus$2gnd
=650  \7$aReligionsausübung$2gnd
=650  \7$aReligionsethnologie$2gnd
=650  \7$aReligious life.$2fast$0(OCoLC)fst01094112
=650  \7$aPost-communism.$2fast$0(OCoLC)fst01072730
=650  \7$aPolitics and government.$2fast$0(OCoLC)fst01919741
=650  \7$aIntellectual life.$2fast$0(OCoLC)fst00975769
=650  \7$aIdeology.$2fast$0(OCoLC)fst00966915
=650  \7$aHISTORY$zUnited States$y20th Century.$2bisacsh
=650  \7$aRELIGION$xReference.$2bisacsh
=650  \7$aRELIGION$xEssays.$2bisacsh
=650  \7$aRELIGION$xComparative Religion.$2bisacsh
=650  \7$aSocial and cultural anthropology, ethnography Mod Social and cultural anthropology, ethnography.$2bicssc
=650  \7$aAnthropology.$2bicssc
=650  \7$aSociology and anthropology.$2bicssc
=650  \7$aSociety and social sciences Society and social sciences.$2bicssc
=650  \0$aPost-communism$zKyrgyzstan.
=650  \0$aIdeology$zKyrgyzstan.
=651  \7$aBischkek$2gnd
=651  \7$aKirgisien$2gnd
=651  \7$aKyrgyzstan.$2fast$0(OCoLC)fst01260659
=651  \6$aKirghizistan$xPolitique et gouvernement$y1991-
=651  \0$aKyrgyzstan$xPolitics and government$y1991-
=651  \0$aKyrgyzstan$xReligious life.
=651  \0$aKyrgyzstan$xIntellectual life.
=655  \7$aElectronic books. $2local
=710  2\$aProject Muse.$edistributor
=830  \0$aBook collections on Project MUSE.
=856  40$zFull text available: $uhttps://muse.jhu.edu/book/51697/
=945  \\$aProject MUSE - 2017 Complete
=945  \\$aProject MUSE - 2017 Archaeology and Anthropology

