=LDR  04004cam a22005294a 4500
=001  musev2_51261
=003  MdBmJHUP
=005  20241011132201.0
=006  m\\\\\o\\d\\\\\\\\
=007  cr||||||||nn|n
=008  161026s2017\\\\cou\\\\\o\\\\\\00\0\eng\d
=010  \\$z  2016049329
=020  \\$a9781607325963
=020  \\$z9781607325956
=035  \\$a(OCoLC)976434040
=040  \\$aMdBmJHUP$cMdBmJHUP
=043  \\$asn-----$as-pe---
=050  04$aF2229$b.R56 2017
=082  0\$a985/.01$223
=245  00$aRituals of the Past : $bPrehispanic and Colonial Case Studies in Andean Archaeology / $cedited by Silvana A. Rosenfeld and Stefanie L. Bautista.
=264  \1$aBoulder :$bUniversity Press of Colorado,$c2017.
=264  \3$aBaltimore, Md. :$bProject MUSE, $c2017
=264  \4$c©2017.
=300  \\$a1 online resource (344 pages).
=336  \\$atext$btxt$2rdacontent
=337  \\$acomputer$bc$2rdamedia
=338  \\$aonline resource$bcr$2rdacarrier
=504  \\$aIncludes bibliographical references and index.
=505  00$tAn archaeology of rituals /$rSilvana A. Rosenfeld and Stefanie L. Bautista --$tThe nature of ritual space at Chavín de Huantar /$rJohn Rick --$tNot just a pyramid scheme : diversity in ritual architecture at Chavín de Huantar /$rDaniel Contreras --$tFrom ritual to ideology : ritual activity and artistic representations in the northern highlands of Peru in the formative period /$rYoshio Onuki --$tArchitecture and ritual practices at Huaca A of Pampa de las Llamas- Moxeke /$rRafael Vega-Centeno --$tTerritoriality, monumentality, and religion in formative period Nepeña, coastal Áncash /$rDavid Chicoine, Hugo Ikebara, and Koichiro Shibata, and Matthew Helmer --$tRitual practice at the end of empire : evidence of an abandonment ceremony from Pataraya, a Wari outpost on the south coast of Peru /$r-- Matthew Edwards --$tFrom the domestic to the formal : a view of daily and ceremonial practices from Cerro de Oro during the early middle horizon /$rFrancesca Fernandini and Rafael Ruales --$tThe demise of the ruling elites : terminal rituals in the pyramid complexes of Panquilma, Peruvian central coast /$rCamila Capriata Estrada and Enrique Lopez-Hurtado --$tReconstructing early colonial Andean ritual practice at Pucará, Peru : an architectural approach /$rSarah Abraham --$tRitual as inter-action with non-humans : pre-hispanic mountain pass shrines in the southern Andes /$rAxel Nielsen, Carlos Angiorama, and Florencia Avila --$tMining, ritual, and social memory : an exploration of toponymy in the Ica Valley, Peru /$rHendrik van Gijseghem and Verity Whalen --$tRituals of the past : final comments /$rJerry D. Moore.
=506  0\$aOpen Access$fUnrestricted online access$2star
=520  \\$a"Explores various methods archaeologists use to identify ritual in the material record and discusses the influence it had on the formation, reproduction, and transformation of community in past Andean societies. How ritual influenced, permeated, and altered political authority, economic production, shamanic practice, and landscape cognition over 3,000 years"--Provided by publisher.
=588  \\$aDescription based on print version record.
=650  \0$aExcavations (Archaeology)$zPeru.
=650  \0$aExcavations (Archaeology)$zAndes Region.
=650  \0$aIndians of South America$zPeru$xRites and ceremonies.
=650  \0$aIndians of South America$zAndes Region$xRites and ceremonies.
=651  \0$aPeru$xAntiquities.
=651  \0$aAndes Region$xAntiquities.
=655  \7$aElectronic books. $2local
=700  1\$aBautista, Stefanie L.,$eeditor.
=700  1\$aRosenfeld, Silvana A.,$eeditor.
=710  2\$aProject Muse.$edistributor
=830  \0$aBook collections on Project MUSE.
=856  40$zFull text available: $uhttps://muse.jhu.edu/book/51261/
=945  \\$aProject MUSE - 2017 Complete
=945  \\$aProject MUSE - 2017 Archaeology and Anthropology
=945  \\$aProject MUSE - 2017 Native American and Indigenous Studies

