=LDR  02459cam a22005534a 4500
=001  musev2_51250
=003  MdBmJHUP
=005  20241011132153.0
=006  m\\\\\o\\d\\\\\\\\
=007  cr||||||||nn|n
=008  160810s2016\\\\cou\\\\\o\\\\\\00\0\eng\d
=010  \\$z  2016036164
=020  \\$a9781607325505
=020  \\$z9781607328698
=020  \\$z9781607325499
=035  \\$a(OCoLC)978350012
=040  \\$aMdBmJHUP$cMdBmJHUP
=043  \\$an-us---$ae-ur---
=050  04$aCB451$b.S23 2016
=082  0\$a909$223
=100  1\$aSabol, Steven,$eauthor.
=245  14$a"The Touch of Civilization" : $bComparing American and Russian Internal Colonization / $cSteve Sabol.
=264  \1$aBoulder, Colorado :$bUniversity Press of Colorado,$c[2016]
=264  \3$aBaltimore, Md. :$bProject MUSE, $c2017
=264  \4$c&copy;[2016]
=300  \\$a1 online resource (310 pages).
=336  \\$atext$btxt$2rdacontent
=337  \\$acomputer$bc$2rdamedia
=338  \\$aonline resource$bcr$2rdacarrier
=504  \\$aIncludes bibliographical references and index.
=505  0\$aThe Sioux and the Kazakhs -- Pre-nineteenth-century expansion -- Conquest and martial resistance -- Through the colonial looking-glass -- Internal colonization -- Assimilation and identity.
=506  0\$aOpen Access$fUnrestricted online access$2star
=520  \\$a"A critical, comparative examination of internal colonization exercised by the United States and Russia and experienced by two indigenous populations, the Sioux and the Kazakhs, to negate the tendency to isolate the study of American history, to overemphasize the uniqueness of the American development and to exalt national pride"--Provided by publisher.
=588  \\$aDescription based on print version record.
=650  \0$aKazakhs$xHistory.
=650  \0$aDakota Indians$xHistory.
=650  \0$aCollective memory$zUnited States.
=650  \0$aCollective memory$zRussia.
=650  \0$aImperialism$xHistory.
=650  \0$aComparative civilization.
=651  \0$aRussia$xTerritorial expansion.
=651  \0$aUnited States$xTerritorial expansion.
=655  \7$aElectronic books. $2local
=710  2\$aProject Muse.$edistributor
=830  \0$aBook collections on Project MUSE.
=856  40$zFull text available: $uhttps://muse.jhu.edu/book/51250/
=945  \\$aProject MUSE - 2017 Complete
=945  \\$aProject MUSE - 2017 History
=945  \\$aProject MUSE - 2017 Native American and Indigenous Studies

