=LDR  04322cam a22005774a 4500
=001  musev2_51299
=003  MdBmJHUP
=005  20241011132228.0
=006  m\\\\\o\\d\\\\\\\\
=007  cr||||||||nn|n
=008  170223t20172017enk\\\\\o\\\\\\00\0\eng\d
=010  \\$z  2016498800
=020  \\$a9781526108180
=020  \\$z1526108186
=035  \\$a(OCoLC)979249721
=040  \\$aMdBmJHUP$cMdBmJHUP
=245  00$aHuman remains in society : $bCuration and exhibition in the aftermath of genocide and mass-violence / $cedited by Jean-Marc Dreyfus and Élisabeth Anstett.
=264  \1$aManchester :$bManchester University Press,$c[2017]
=264  \3$aBaltimore, Md. :$bProject MUSE, $c2017
=264  \4$c©[2017]
=300  \\$a1 online resource (280 pages): $billustrations
=336  \\$atext$btxt$2rdacontent
=337  \\$acomputer$bc$2rdamedia
=338  \\$aonline resource$bcr$2rdacarrier
=490  0\$aHuman remains and violence
=505  0\$aIntroduction: corpses in society: about human remains, necro-politics, necro-economy and the legacy of mass violence: Élisabeth Anstett and Jean-Marc Dreyfus 1 The unburied victims of Kenya's Mau Mau Rebellion: where and when does the violence end? -- David M. Anderson and Paul J. Lane 2 (Re)politicising the dead in post-Holocaust Poland: the afterlives of human remains at the Belzec extermination camp -- Zuzanna Dziuban 3 Chained corpses: warfare, politics and religion after the Habsburg Empire in the Julian March, 1930s-70s -- Gaetano Dato 4 Exhumations in post-war rabbinical responsas -- David Deutsch 5 (Re)cognising the corpse: individuality, identification and multidirectional memorialisation in post-genocide Rwanda -- Ayala Maurer-Prager 6 Corpses of atonement: the discovery, commemoration and reinternment of eleven Alsatian victims of Nazi Terror, 1947-1952 -- Devlin M. Scofield 7 'Earth conceal not my blood': forensic and archaeological approaches to locating the remains of Holocaust victims -- Caroline Sturdy Colls 8 The return of Herero and Nama bones from Germany: the victims' struggle for recognition and recurring genocide memories in Namibia -- Vilho Amukwaya Shigwedha 9 A Beothuk skeleton (not) in a glass case: rumours of bones and the remembrance of an exterminated people in Newfoundland -- John Harries Index.
=506  0\$aOpen Access$fUnrestricted online access$2star
=520  8\$aWhether reburied, concealed, stored, abandoned or publicly displayed, human remains raise a vast number of questions regarding social, legal and ethical uses by communities, public institutions and civil society organisations. This work presents a ground-breaking account of the treatment and commemoration of dead bodies resulting from incidents of genocide and mass violence. Through a range of international case studies across multiple continents, it explores the effect of dead bodies or body parts on various political, cultural and religious practices. Multidisciplinary in scope, it will appeal to readers interested in this crucial phase of post-conflict reconciliation, including students and researchers of history, anthropology, sociology, archaeology, law, politics and modern warfare.
=588  \\$aDescription based on print version record.
=650  \7$aDead$xSocial aspects.$2fast$0(OCoLC)fst00888401
=650  \7$aGenocide$xSociological aspects.$2fast$0(OCoLC)fst00940220
=650  \7$aHuman remains (Archaeology)$2fast$0(OCoLC)fst00963213
=650  \7$aVictims of violent crimes.$2fast$0(OCoLC)fst01166352
=650  \7$aSOCIAL SCIENCE$xAnthropology$xGeneral.$2bisacsh
=650  \7$aGenocide & Ethnic Cleansing.$2bicssc
=650  \7$aArchaeology.$2bicssc
=650  \7$aAnthropology.$2bicssc
=650  \6$aMorts$xAspect social.
=650  \6$aVictimes de violence.
=650  \6$aRestes humains (Archeologie)
=650  \0$aDead$xSocial aspects.
=650  \0$aVictims of violent crimes.
=650  \0$aGenocide$xSociological aspects.
=650  \0$aHuman remains (Archaeology)
=655  \0$aElectronic book
=655  \7$aElectronic books. $2local
=700  1\$aDreyfus, Jean-Marc,$eeditor.
=700  1\$aGessat-Anstett, Élisabeth,$eeditor.
=710  2\$aProject Muse.$edistributor
=830  \0$aBook collections on Project MUSE.
=856  40$zFull text available: $uhttps://muse.jhu.edu/book/51299/

