=LDR  02959cam a22005534a 4500
=001  musev2_51367
=003  MdBmJHUP
=005  20241011132317.0
=006  m\\\\\o\\d\\\\\\\\
=007  cr||||||||nn|n
=008  140918s2015\\\\enk\\\\\o\\\\\\00\0\eng\d
=020  \\$a9781847799258
=020  \\$z1847799256
=035  \\$a(OCoLC)980850976
=040  \\$aMdBmJHUP$cMdBmJHUP
=100  1\$aGoldin, Simha,$eauthor.
=245  10$aApostasy and Jewish identity in High Middle Ages Northern Europe : $bAre you still my brother?' / $cSimha Goldin.
=264  \1$aManchester :$bManchester University Press,$c2015.
=264  \3$aBaltimore, Md. :$bProject MUSE, $c2017
=264  \4$c©2015.
=300  \\$a1 online resource (152 pages).
=336  \\$atext$btxt$2rdacontent
=337  \\$acomputer$bc$2rdamedia
=338  \\$aonline resource$bcr$2rdacarrier
=505  0\$aEarly beginnings -- Forced conversion during the First Crusade -- Theological confrontation with Christianity's success -- Self-definition and halakah -- Attitudes towards women -- Alternative perspectives: the literature of pietists (Ashkenazic hasidim) -- Converts to Judaism -- Conclusions: the change in mentality.
=506  0\$aOpen Access$fUnrestricted online access$2star
=520  8\$aThe attitude of Jews living in the medieval Christian world to Jews who converted to Christianity or to Christians seeking to join the Jewish faith reflects the central traits that make up Jewish self-identification. The Jews saw themselves as a unique group chosen by God, who expected them to play a specific and unique role in the world. This study researches fully for the various aspects of the way European Jews regarded members of their own fold in the context of lapses into another religion.
=588  \\$aDescription based on print version record.
=650  \7$aJudaism.$2fast$0(OCoLC)fst00984280
=650  \7$aJews$xIdentity.$2fast$0(OCoLC)fst00983278
=650  \7$aJews.$2fast$0(OCoLC)fst00983135
=650  \7$aInterfaith relations.$2fast$0(OCoLC)fst01353343
=650  \7$aEthnic relations.$2fast$0(OCoLC)fst00916005
=650  \7$aChristianity.$2fast$0(OCoLC)fst00859599
=650  \7$aHISTORY$xJewish.$2bisacsh
=650  \6$aJuifs$xIdentite.
=650  \6$aJuifs$zEurope septentrionale$xHistoire$yJusqu'à 1500.
=650  \0$aJews$xIdentity.
=650  \0$aChristianity and other religions$xJudaism$xHistory$yTo 1500.
=650  \0$aJudaism$xRelations$xChristianity$xHistory$yTo 1500.
=650  \0$aJews$zEurope, Northern$xHistory$yTo 1500.
=651  \7$aNorthern Europe.$2fast$0(OCoLC)fst01245081
=651  \0$aEurope, Northern$xEthnic relations$xHistory$yTo 1500.
=655  \7$aHistory.$2fast$0(OCoLC)fst01411628
=655  \7$aElectronic books. $2local
=730  0\$aUniversity press scholarship online.
=710  2\$aProject Muse.$edistributor
=830  \0$aBook collections on Project MUSE.
=856  40$zFull text available: $uhttps://muse.jhu.edu/book/51367/

