=LDR  02842cam a22005774a 4500
=001  musev2_51481
=003  MdBmJHUP
=005  20241011132434.0
=006  m\\\\\o\\d\\\\\\\\
=007  cr||||||||nn|n
=008  140929s2013\\\\enk\\\\\o\\\\\\00\0\eng\d
=010  \\$z  2020719539
=020  \\$a9781526102256
=020  \\$z1526102250
=035  \\$a(OCoLC)980845201
=040  \\$aMdBmJHUP$cMdBmJHUP
=100  1\$aRobb, Thomas,$eauthor.
=245  12$aA strained partnership? : $bUS-UK relations in the era of détente, 1969-77 / $cThomas Robb.
=264  \1$aNew York :$bManchester University Press,$c2013.
=264  \3$aBaltimore, Md. :$bProject MUSE, $c2017
=264  \4$c©2013.
=300  \\$a1 online resource (256 pages).
=336  \\$atext$btxt$2rdacontent
=337  \\$acomputer$bc$2rdamedia
=338  \\$aonline resource$bcr$2rdacarrier
=505  0\$aIntroduction -- Re-assesing foreign policy, 1969-72 -- A year of discord, 1973-74 -- Wilson returns, 1974-76 -- All out of money, 1974-76.
=506  0\$aOpen Access$fUnrestricted online access$2star
=520  8\$aThis is a monograph-length study that charts the coercive diplomacy of the administrations of Richard Nixon and Gerald Ford as practised against their British ally in order to persuade Edward Heath's government to follow a more amenable course throughout the 'Year of Europe' and to convince Harold Wilson's governments to lessen the severity of proposed defence cuts.
=546  \\$aEnglish.
=588  \\$aDescription based on print version record.
=600  11$aNixon, Richard M.$q(Richard Milhous),$d1913-1994.
=600  10$aNixon, Richard M.$q(Richard Milhous),$d1913-1994.
=651  \7$aUnited States.$2fast$0(OCoLC)fst01204155
=651  \7$aGreat Britain.$2fast$0(OCoLC)fst01204623
=651  \6$aGrande-Bretagne$xRelations exterieures$y1964-1979.
=651  \6$aÉtats-Unis$xRelations exterieures$y1969-1974.
=651  \6$aGrande-Bretagne$xRelations exterieures$zÉtats-Unis.
=651  \6$aÉtats-Unis$xRelations exterieures$zGrande-Bretagne.
=651  \0$aUnited States$xPolitics and government$y1974-1977.
=651  \0$aUnited States$xPolitics and government$y1969-1974.
=651  \0$aUnited States$xForeign relations$zGreat Britain.
=651  \0$aGreat Britain$xPolitics and government$y20th century.
=651  \0$aGreat Britain$xForeign relations$zUnited States.
=650  \7$aDiplomatic relations.$2fast$0(OCoLC)fst01907412
=650  \7$aPOLITICAL SCIENCE$xGovernment$xInternational.$2bisacsh
=650  \7$aPOLITICAL SCIENCE$xInternational Relations$xGeneral.$2bisacsh
=650  \7$aInternational relations.$2bicssc
=655  \7$aElectronic books. $2local
=710  2\$aProject Muse.$edistributor
=830  \0$aBook collections on Project MUSE.
=856  40$zFull text available: $uhttps://muse.jhu.edu/book/51481/

