=LDR  03901cam a22005894a 4500
=001  musev2_51531
=003  MdBmJHUP
=005  20241011132510.0
=006  m\\\\\o\\d\\\\\\\\
=007  cr||||||||nn|n
=008  160614s2015\\\\enk\\\\\o\\\\\\00\0\eng\d
=020  \\$a9780719098598
=020  \\$z0719098599
=035  \\$a(OCoLC)951710171
=040  \\$aMdBmJHUP$cMdBmJHUP
=100  1\$aHeraclides, Alexis,$eauthor.
=245  10$aHumanitarian intervention in the long nineteenth century : $bSetting the precedent / $cAlexia Heraclides and Ada Dialla.
=264  \1$aManchester :$bManchester University Press,$c2015.
=264  \3$aBaltimore, Md. :$bProject MUSE, $c2017
=264  \4$c©2015.
=300  \\$a1 online resource (272 pages).
=336  \\$atext$btxt$2rdacontent
=337  \\$acomputer$bc$2rdamedia
=338  \\$aonline resource$bcr$2rdacarrier
=490  0\$aHumanitarianism : key debates and new approaches
=505  0\$aHumanitarian intervention today -- Theory. Introduction ; The origins of the idea of humanitarian intervention : just war and against tyranny ; Eurocentrism, 'civilization' and the 'barbarians' ; International law and humanitarian intervention ; Intervention and non-intervention in international political theory -- Practice. Introduction ; Intervention in the Greek War of Independence, 1821-32 ; Intervention in Lebanon and Syria, 1860-61 ; The Bulgarian atrocities : a bird's eye view of intervention with emphasis on Britain, 1875-78 ; The Balkan crisis of 1875-78 and Russia : between humanitarianism and pragmatism ; The US and Cuba, 1895-98 -- Conclusion. Assessment.
=506  0\$aOpen Access$fUnrestricted online access$2star
=520  \\$aThis book is a comprehensive presentation of humanitarian intervention in theory and practice during the course of the nineteenth century. Through four case studies, it sheds new light on the international law debate and the political theory on intervention, linking them to ongoing issues, and paying particular attention to the lesser known Russian dimension. The book begins by tracing the genealogy of the idea of humanitarian intervention to the Renaissance, evaluating the Eurocentric gaze of the civilisation-barbarity dichotomy, and elucidates the international legal arguments of both advocates and opponents of intervention, as well as the views of major political theorists. It then goes on to examine four cases as humanitarian interventions: the Greek War of Independence (1821-31), the Lebanon and Syria (1860-61), the Bulgarian atrocities (1876-78), and the U.S. intervention in Cuba (1895-98).
=546  \\$aIn English.
=588  \\$aDescription based on print version record.
=650  \7$aLaw, Politics & Government.$2hilcc
=650  \7$aInternational Relations.$2hilcc
=650  \7$aHumanitarian intervention.$2fast$0(OCoLC)fst00963572
=650  \7$aPOLITICAL SCIENCE$xAmerican Government$xGeneral.$2bisacsh
=650  \7$aLAW$xInternational.$2bisacsh
=650  \7$aPOLITICAL SCIENCE / American Government / General.$2bisach
=650  \7$aLAW$xInternational.$2bisach
=650  \7$aInternational relations.$2bicssc
=650  \7$aPolitics and government.$2bicssc
=650  \7$aSociety and social sciences Society and social sciences.$2bicssc
=650  \6$aDroit d'ingerence humanitaire$vÉtudes de cas.
=650  \6$aDroit d'ingerence humanitaire$xHistoire$y19e siecle.
=650  \0$aHumanitarian intervention$vCase studies.
=650  \0$aHumanitarian intervention$xHistory$y19th century.
=655  \7$aHistory.$2fast$0(OCoLC)fst01411628
=655  \7$aCase studies.$2fast$0(OCoLC)fst01423765
=655  \7$aElectronic books. $2local
=700  1\$aDialla, Ada,$eauthor.
=773  0\$tKnowledge Unlatched.
=710  2\$aProject Muse.$edistributor
=830  \0$aBook collections on Project MUSE.
=856  40$zFull text available: $uhttps://muse.jhu.edu/book/51531/

