=LDR  06096cam a22007214a 4500
=001  musev2_51550
=003  MdBmJHUP
=005  20241011132524.0
=006  m\\\\\o\\d\\\\\\\\
=007  cr||||||||nn|n
=008  150211s2014\\\\enk\\\\\o\\\\\\00\0\eng\d
=020  \\$a9781847799074
=020  \\$z1847799078
=035  \\$a(OCoLC)903283161
=040  \\$aMdBmJHUP$cMdBmJHUP
=245  00$aDestruction and human remains : $bDisposal and concealment in genocide and mass violence / $6880-01$cedited by Élisabeth Anstett & Jean-Marc Dreyfus.
=264  \1$aManchester :$bManchester University Press,$c2014.
=264  \3$aBaltimore, Md. :$bProject MUSE, $c2017
=264  \4$c©2014.
=300  \\$a1 online resource (264 pages).
=336  \\$atext$btxt$2rdacontent
=337  \\$acomputer$bc$2rdamedia
=338  \\$aonline resource$bcr$2rdacarrier
=490  0\$aHuman remains and violence
=505  00$6880-02$tIntroduction: the tales destruction tells /$rÉlisabeth Anstett, Jean-Marc Dreyfus --$tPart I. Actors --$t1. 'As if nothing ever happened': massacres, missing corpses, and silence in a Bosnian community /$rMax Bergholz --$t2. A specialist: the daily work of Erich Muhsfeldt, chief of the crematorium at Majdanek concentration and extermination camp, 1942-44 /$rElissa Mailänder --$t3. Lands of Unkultur: mass violence, corpses, and the Nazi imagination of the East /$rMichael McConnell --$tPart II. Practices --$t4. Earth, fire, water: or how to make the Armenian corpses disappear /$rRaymond H. Kevorkian --$t5. Sinnreich erdacht: machines of mass incineration in fact, fiction, and forensics /$rRobert Jan van Pelt --$t6. When death is not the end: towards a typology of the treatment of corpses of 'disappeared detainees' in Argentina from 1975 to 1983 /$rMaria Ranalletti --$tPart III. Logics --$t7. State violence and death politics in post-revolutionary Iran /$rChowra Makaremi --$t8. Death and dismemberment: the body and counter-revolutionary warfare in apartheid South Africa /$rNicky Rousseau --$t9. The Tutsi body in the 1994 genocide: ideology, physical destruction, and memory /$rRemi Korman --$tIndex.
=506  0\$aOpen Access$fUnrestricted online access$2star
=520  \\$aDestruction and human remains investigates a crucial question frequently neglected in academic debate in the fields of mass violence and genocide studies: what is done to the bodies of the victims after they are killed? In the context of mass violence, death does not constitute the end of the executors' work. Their victims' remains are often treated and manipulated in very specific ways, amounting in some cases to true social engineering, often with remarkable ingenuity. To address these seldom-documented phenomena, this volume includes chapters based on extensive primary and archival research to explore why, how and by whom these acts have been committed through recent history. Interdisciplinary in scope, Destruction and human remains will appeal to readers interested in the history and implications of genocide and mass violence, including researchers in anthropology, sociology, history, politics and modern warfare.
=546  \\$aIn English.
=588  \\$aDescription based on print version record.
=650  \7$aMass murder.$2fast$0(OCoLC)fst01011417
=650  \7$aMass burials.$2fast$0(OCoLC)fst01011211
=650  \7$aGenocide.$2fast$0(OCoLC)fst00940208
=650  \7$aHomicide.$2fast$0(OCoLC)fst00959660
=650  \7$aWar crimes.$2fast$0(OCoLC)fst01170465
=650  \7$aHISTORY$xModern$y20th Century.$2bisacsh
=650  \7$aSOCIAL SCIENCE$xDemography.$2bisacsh
=650  \7$aGenocide and ethnic cleansing.$2bicssc
=650  \7$aHistory: specific events and topics.$2bicssc
=650  \7$aHistory.$2bicssc
=650  \7$aHumanities.$2bicssc
=650  \6$aSepultures collectives.
=650  \6$aMeurtre multiple.
=650  \6$aCrimes de guerre.
=650  \4$aSocial Welfare & Social Work.
=650  \4$aSocial Sciences.
=650  \2$aGenocide
=650  \2$aWar Crimes
=650  \2$aHomicide$xhistory
=650  \0$aWar crimes.
=650  \0$aMass shootings.
=650  \0$aMass murder.
=650  \0$aGenocide.
=650  \0$aMass burials.
=655  \7$aHistory.$2fast$0(OCoLC)fst01411628
=655  \7$aElectronic books. $2local
=700  1\$aDreyfus, Jean-Marc,$eeditor.
=700  1\$aGessat-Anstett, Élisabeth,$eeditor.
=710  2\$aProject Muse.$edistributor
=830  \0$aBook collections on Project MUSE.
=880  1\$6700-00/(Q$aGessat-Anstett, E⁺ѓlisabeth,$eeditor.
=880  00$6505-02/(N$tList of contributors --$tAcknowledgements --$tIntroduction: the tales destruction tells /$rE+ѓlisabeth Anstett, Jean-Marc Dreyfus --$tPart I. Actors --$t1. 'As if nothing ever happened': massacres, missing corpses, and silence in a Bosnian community /$rMax Bergholz --$t2. A specialist: the daily work of Erich Muhsfeldt, chief of the crematorium at Majdanek concentration and extermination camp, 1942-44 /$rElissa Maila+#x98;nder --$t3. Lands of Unkultur: mass violence, corpses, and the Nazi imagination of the East /$rMichael McConnell --$tPart II. Practices --$t4. Earth, fire, water: or how to make the Armenian corpses disappear /$rRaymond H. Ke+ѓvorkian --$t5. Sinnreich erdacht: machines of mass incineration in fact, fiction, and forensics /$rRobert Jan van Pelt --$t6. When death is not the end: towards a typology of the treatment of corpses of 'disappeared detainees' in Argentina from 1975 to 1983 /$rMaria Ranalletti --$tPart III. Logics --$t7. State violence and death politics in post-revolutionary Iran /$rChowra Makaremi --$t8. Death and dismemberment: the body and counter-revolutionary warfare in apartheid South Africa /$rNicky Rousseau --$t9. The Tutsi body in the 1994 genocide: ideology, physical destruction, and memory /$rRe+ѓmi Korman --$tIndex.
=880  00$6245-01/(N$aDestruction and human remains :$bdisposal and concealment in genocide and mass violence /$cedited by E+ѓlisabeth Anstett & Jean-Marc Dreyfus.
=856  40$zFull text available: $uhttps://muse.jhu.edu/book/51550/

