=LDR  05727cam a22008054a 4500
=001  musev2_51499
=003  MdBmJHUP
=005  20241011132447.0
=006  m\\\\\o\\d\\\\\\\\
=007  cr||||||||nn|n
=008  160315s2016\\\\enk\\\\\o\\\\\\00\0\eng\d
=010  \\$z  2016301805
=020  \\$a9781784996949
=020  \\$z1784996947
=035  \\$a(OCoLC)981900188
=040  \\$aMdBmJHUP$cMdBmJHUP
=100  1\$aHallett, Christine E.,$eauthor.
=245  10$aNurse Writers of the Great War / $cChristine E. Hallett.
=264  \1$aManchester :$bManchester University Press,$c2016.
=264  \3$aBaltimore, Md. :$bProject MUSE, $c2017
=264  \4$c©2016.
=300  \\$a1 online resource (296 pages): $bblack and white illustrations (portraits)
=336  \\$atext$btxt$2rdacontent
=337  \\$acomputer$bc$2rdamedia
=338  \\$aonline resource$bcr$2rdacarrier
=490  0\$aNursing history and humanities
=505  0\$aCover; Half-title; Title page; Copyright information; Dedication; Table of contents; List of figures; Preface; Acknowledgements; List of abbreviations; Part I Independent ladies; 1 Heroines in Belgium and Serbia; Introduction: plucky nurses; The duchess-directrice: Millicent Sutherland and her ambulance; Escaping the German advance: a war nurse's diary; Nurse fighters on the Serbian Front; A quest too far: the death of Sarah Macnaughtan; Conclusion: heroines on Western and Eastern Fronts; Notes; 2 Le petit paradis des blesses; Introduction: the little paradise.
=505  0\$aNarratives of L'Hôpital Chirurgical Mobile No. 1Mary Borden's Forbidden Zone; Agnes Warner: devoted professional; Conclusion: the 'Directrice' and the head nurse; Notes; 3 The hell at the heart of paradise; Introduction: more writings from L'Hôpital Chirurgical Mobile No. 1; War's backwash; Maud Mortimer: witnessing nursing; Conclusion: the power of interpretation; Notes; Part II Professional women; 4 In France with the British Expeditionary Force; Introduction: the power of professional nursing; The quintessential British nurse: Kate Luard; Alice Fitzgerald: entrapped nurse.
=505  0\$aConclusion: professional nurses in military hospitalsNotes; 5 American nurses in Europe; Introduction: American nurses and the war in Europe; Julia Stimson's 'splendid women'; Pioneer nurse: the adventures of Helen Dore Boylston; Conclusion: far-off lands and strange adventures; Notes; 6 The war nurse as free agent; Introduction: the rewards of professional nursing; Heroine of Pervyse: the adventures of Elsie Knocker; Violetta Thurstan: intrepid, travelling nurse; Conclusion: intrepid nurses; Notes; Part III Volunteer girls; 7 American young women at war; Introduction: American women at war.
=505  0\$aDisillusionment and despair: meeting the realities of warThe mystery of War Nurse; Conclusion: the truth about the war; Notes; 8 The British 'VAD'; Introduction: becoming a VAD; Realising war's realities; Vera Brittain's Testament; Enid Bagnold: military medicine as part of the 'war machine'; Needed by the country: Irene Rathbone's 'novel'; Conclusion: the VAD as witness; Notes; 9 Epic romance on Western and Eastern Fronts; Introduction: the romance of volunteer work; Ordeals on the Western Front; 'Wide open world': the adventures of Florence Farmborough.
=505  0\$aBroken spell: war and revolution in the writings of Mary BritnievaConclusion: 'ordeal' and 'apotheosis'; Notes; Conclusion; Remembering and memorialising; Dutiful daughters of the allied cause; Intrepid travelling nurses; Heretical nurses; Autonomy and agency; The truth about the war; Notes; Bibliography; Primary sources; Archives consulted; Articles and columns published anonymously in the British Journal of Nursing; Books and journal articles published between 1890 and 1946; Books and journal articles published between 1947 and 2014; Theses and dissertations; Index.
=506  0\$aOpen Access$fUnrestricted online access$2star
=520  8\$aExamining the experiences of First World War nurses through their own writings, this book offers fresh insights into the reality of industrial warfare.
=546  \\$aEnglish.
=588  \\$aDescription based on print version record.
=650  \7$aNurses' writings.$2fast$0(OCoLC)fst01041725
=650  \7$aMilitary nursing.$2fast$0(OCoLC)fst01021338
=650  \7$aMedical care.$2fast$0(OCoLC)fst01013753
=650  \7$aAutobiography.$2fast$0(OCoLC)fst00822597
=650  \7$aMEDICAL$xNursing$xResearch & Theory.$2bisacsh
=650  \7$aNursing research & theory.$2bicssc
=650  \7$aNursing.$2bicssc
=650  \7$aNursing research and theory.$2bicssc
=650  \7$aNursing and ancillary services.$2bicssc
=650  \7$aMedicine.$2bicssc
=650  \7$anurses.$2aat
=650  \7$aautobiography (genre)$2aat
=650  \6$aMedecine$xHistoire$y20e siecle.
=650  \6$aInfirmieres.
=650  \6$aAutobiographie.
=650  \6$aAutobiographie$xHistoire.
=650  \6$aÉcrits d'infirmieres.
=650  \6$aSoins infirmiers militaires.
=650  \6$aGuerre mondiale, 1914-1918$xSoins medicaux.
=650  \2$aMilitary Nursing
=650  \2$aHistory, 20th Century
=650  \2$aNurses
=650  \2$aWorld War I
=650  \2$aAutobiographies as Topic
=650  \2$aMilitary Nursing$xhistory
=650  \0$aAutobiography.
=650  \0$aAutobiography$xHistory.
=650  \0$aNurses' writings.
=650  \0$aMilitary nursing.
=650  \0$aWorld War, 1914-1918$xMedical care.
=655  \7$aHistory.$2fast$0(OCoLC)fst01411628
=655  \7$aElectronic books. $2local
=710  2\$aProject Muse.$edistributor
=830  \0$aBook collections on Project MUSE.
=856  40$zFull text available: $uhttps://muse.jhu.edu/book/51499/

