=LDR  02898cam a22004934a 4500
=001  musev2_51520
=003  MdBmJHUP
=005  20241011132503.0
=006  m\\\\\o\\d\\\\\\\\
=007  cr||||||||nn|n
=008  141010s2014\\\\enk\\\\\o\\\\\\00\0\eng\d
=020  \\$a9781526102058
=020  \\$z1526102056
=035  \\$a(OCoLC)894476908
=040  \\$aMdBmJHUP$cMdBmJHUP
=100  1\$aPeterson, Jenny H.,$eauthor.
=245  10$aBuilding a peace economy? : $bLiberal peacebuilding and the development-security industry / $cby Jenny H. Peterson.
=264  \1$aManchester :$bManchester University Press,$c2014.
=264  \3$aBaltimore, Md. :$bProject MUSE, $c2017
=264  \4$c&copy;2014.
=300  \\$a1 online resource (240 pages).
=336  \\$atext$btxt$2rdacontent
=337  \\$acomputer$bc$2rdamedia
=338  \\$aonline resource$bcr$2rdacarrier
=490  0\$aNew approaches to conflict analysis
=505  0\$aIntroduction : war economies, peace economies and transformation -- War economy transformation : current policy options and issues -- Explaining the dynamics of transformation : the nature of the development-security industry -- Transforming a war economy : learning from the case of Kosovo -- Strengthening the rule of law : managing the criminal facets of war economies -- Privatisation : liberal reform and the creation of new conflict economies -- Customs reform : protecting borders, confirming statehood and transforming economies? -- The war economy transformation agenda : DSI approaches and behaviours.
=506  0\$aOpen Access$fUnrestricted online access$2star
=520  8\$aThis study critically examines the range of policies and programmes that attempt to manage economic activity that contributes to political violence. Beginning with an overview of over a dozen policies aimed at transforming these activities into economic relationships which support peace, not war, the book then offers a sustained critique of the reasons for limited success in this policy field.
=546  \\$aEnglish.
=588  \\$aDescription based on print version record.
=650  \7$aPeace-building$xEconomic aspects.$2fast$0(OCoLC)fst01941286
=650  \7$aPOLITICAL SCIENCE$xPeace.$2bisacsh
=650  \7$aPolitics & government.$2bicssc
=650  \7$aSociety and social sciences Society and social sciences.$2bicssc
=650  \7$aPolitics and government.$2bicssc
=650  \6$aGestion des conflits$xAspect economique.
=650  \6$aConsolidation de la paix$xAspect economique.
=650  \0$aConflict management$xEconomic aspects.
=650  \0$aPeace-building$xEconomic aspects.
=655  \7$aElectronic books. $2local
=710  2\$aUPSO eCollections (University Press Scholarship Online).$pMaRLi UPSO 2014.
=710  2\$aProject Muse.$edistributor
=830  \0$aBook collections on Project MUSE.
=856  40$zFull text available: $uhttps://muse.jhu.edu/book/51520/

