=LDR  03910cam a22007454a 4500
=001  musev2_51933
=003  MdBmJHUP
=005  20241011132949.0
=006  m\\\\\o\\d\\\\\\\\
=007  cr||||||||nn|n
=008  170504s2017\\\\mau\\\\\o\\\\\\00\0\eng\d
=020  \\$a9780262340267
=020  \\$z0262340267
=020  \\$z9780262533287
=035  \\$a(OCoLC)985460742
=040  \\$aMdBmJHUP$cMdBmJHUP
=100  1\$aShelley, Mary Wollstonecraft,$d1797-1851,$eauthor.
=245  10$aFrankenstein : $bAnnotated for Scientists, Engineers, and Creators of All Kinds / $cMary Shelley ; edited by David H. Guston, Ed Finn, and Jason Scott Robert.
=264  \1$aCambridge, MA :$bThe MIT Press,$c2017.
=264  \3$aBaltimore, Md. :$bProject MUSE, $c2017
=264  \4$c&copy;2017.
=300  \\$a1 online resource (320 pages).
=336  \\$atext$btxt$2rdacontent
=337  \\$acomputer$bc$2rdamedia
=338  \\$aonline resource$bcr$2rdacarrier
=505  0\$aIntro -- Half Title -- Title -- Copyright -- Dedication -- Editors' Preface: David H. Guston, Ed Finn, and Jason Scott Robert -- Acknowledgments -- Introduction -- Volume 1 -- Volume 2 -- Volume 3 -- Introduction to Frankenstein (1831) -- Chronology of Science and Mary Wollstonecraft Shelley -- Traumatic Responsibility: Victor Frankenstein as Creator and Casualty -- I've Created a Monster! (And So Can You) -- Changing Conceptions of Human Nature -- Undisturbed by Reality: Victor Frankstein's Technoscientific Dream of Reason -- Frankenstein Reframed: Or, the Trouble with Prometheus -- Frankenstein, Gender, and Mother Nature -- The Bitter Aftertaste of Technical Sweetness -- References -- Further Reading -- Discussion Questions -- Contributors.
=506  0\$aOpen Access$fUnrestricted online access$2star
=520  \\$aThe original 1818 text of Mary Shelley's classic novel, with annotations and essays highlighting its scientific, ethical, and cautionary aspects.
=588  \\$aDescription based on print version record.
=600  07$aFrankenstein's Monster$c(Fictitious character)$2fast$0(OCoLC)fst01750124
=600  17$aFrankenstein, Victor$c(Fictitious character)$2fast$0(OCoLC)fst01734569
=600  11$aFrankenstein, Victor,$c(Fictitious character)$vFiction.
=600  01$aFrankenstein's Monster,$c(Fictitious character)$vFiction.
=600  11$aShelley, Mary Wollstonecraft,$d1797-1851.$tFrankenstein.
=600  10$aShelley, Mary Wollstonecraft,$d1797-1851.$tFrankenstein.
=600  00$aFrankenstein's Monster$c(Fictitious character)$vFiction.
=600  10$aFrankenstein, Victor$c(Fictitious character)$vFiction.
=650  \7$aScientists.$2fast$0(OCoLC)fst01108895
=650  \7$aScience in literature.$2fast$0(OCoLC)fst01108731
=650  \7$aMonsters.$2fast$0(OCoLC)fst01025752
=650  \7$aFICTION / Gothic.$2bisacsh
=650  \6$aSciences dans la litterature.
=650  \6$aMonstres$vRomans, nouvelles, etc.
=650  \0$aScience in literature.
=650  \0$aMonsters$vFiction.
=650  \0$aScientists$vFiction.
=630  07$aFrankenstein (Shelley, Mary Wollstonecraft)$2fast$0(OCoLC)fst01357605
=655  \7$aScience fiction.$2lcgft
=655  \7$aHorror fiction.$2lcgft
=655  \7$aScience fiction.$2gsafd
=655  \7$aHorror fiction.$2gsafd
=655  \7$aScience fiction.$2fast$0(OCoLC)fst01726489
=655  \7$aHorror fiction.$2fast$0(OCoLC)fst01921684
=655  \7$aFiction.$2fast$0(OCoLC)fst01423787
=655  \4$aScience fiction.
=655  \4$aHorror fiction.
=655  \7$aElectronic books. $2local
=700  1\$aRobert, Jason Scott,$eeditor.
=700  1\$aFinn, Ed,$d1980-$eeditor.
=700  1\$aGuston, David H.,$eeditor.
=710  2\$aProject Muse.$edistributor
=830  \0$aBook collections on Project MUSE.
=856  40$zFull text available: $uhttps://muse.jhu.edu/book/51933/
=945  \\$aProject MUSE - 2017 Complete
=945  \\$aProject MUSE - 2017 Literature

