=LDR  03269cam a22005174a 4500
=001  musev2_52627
=003  MdBmJHUP
=005  20241011133802.0
=006  m\\\\\o\\d\\\\\\\\
=007  cr||||||||nn|n
=008  160811s2017\\\\nyu\\\\\o\\\\\\00\0\eng\d
=020  \\$a9781501708428
=020  \\$z9781501708411
=020  \\$z9781501705526
=035  \\$a(OCoLC)992245439
=040  \\$aMdBmJHUP$cMdBmJHUP
=100  1\$aRudolph, Christopher,$d1966-$eauthor.
=245  10$aPower and Principle : $bThe Politics of International Criminal Courts / $cChristopher Rudolph.
=264  \1$aIthaca :$bCornell University Press,$c[2017]
=264  \3$aBaltimore, Md. :$bProject MUSE, $c2017
=264  \4$c&copy;[2017]
=300  \\$a1 online resource (232 pages).
=336  \\$atext$btxt$2rdacontent
=337  \\$acomputer$bc$2rdamedia
=338  \\$aonline resource$bcr$2rdacarrier
=505  0\$aIntroduction : the light of justice -- Power and principle from Nuremberg to The Hague -- Nested interests and the institutional design of the International Criminal Court -- Explaining the outliers : domestic politics and national interests -- Power, principle, and pragmatism in prosecutorial strategy -- Conclusion : between power and principle.
=506  0\$aOpen Access$fUnrestricted online access$2star
=520  \\$aHuman rights advocates have long pressed for international institutions to prosecute crimes against humanity. With its global reach and mandate to investigate and prosecute some of the world's most severe crimes (genocide, war crimes, and crimes against humanity) the creation of the International Criminal Court in 2002 was hailed as a landmark event in the evolution of truly global society. Supporters argue that the ICC and other transnational tribunals will deter the commission of atrocities and contribute to global peace and stability, and they laud its independence and its potential to check the arbitrary use of power against the powerless. To better understand how international criminal courts function and determine their broader implications for global society, this book examines the factors that led to the creation and evolution of international criminal courts, the nature of the support for and opposition to such institutions, and how they function.
=546  \\$aIn English.
=588  \\$aDescription based on print version record.
=610  27$aInternational Criminal Court.$2fast$0(OCoLC)fst00744466
=610  20$aInternational Criminal Court.
=650  \7$aPOLITICAL SCIENCE$xHuman Rights.$2bisacsh
=650  \7$aLAW$xCriminal Law$xGeneral.$2bisacsh
=650  \7$aInternational institutions.$2bicssc
=650  \7$aInternational relations.$2bicssc
=650  \7$aPolitics and government.$2bicssc
=650  \7$aSociety and social sciences Society and social sciences.$2bicssc
=650  \6$aTribunaux penaux internationaux$xAspect politique.
=650  \0$aInternational criminal courts$xPolitical aspects.
=655  \7$aElectronic books. $2local
=710  2\$aProject Muse.$edistributor
=830  \0$aBook collections on Project MUSE.
=856  40$zFull text available: $uhttps://muse.jhu.edu/book/52627/
=945  \\$aProject MUSE - 2017 Complete
=945  \\$aProject MUSE - 2017 Political Science and Policy Studies

