=LDR  03505cam a22006254a 4500
=001  musev2_52722
=003  MdBmJHUP
=005  20241011133906.0
=006  m\\\\\o\\d\\\\\\\\
=007  cr||||||||nn|n
=008  170511s2017\\\\miu\\\\\o\\\\\\00\0\eng\d
=010  \\$z  2020707092
=020  \\$a9780472900701
=020  \\$z9780472073511
=020  \\$z9780472122844
=020  \\$z9780472004089
=020  \\$z9780472053513
=035  \\$a(OCoLC)993763082
=040  \\$aMdBmJHUP$cMdBmJHUP
=100  1\$aRobbins, Sarah,$eauthor.
=245  10$aLearning Legacies : $bArchive to Action through Women's Cross-Cultural Teaching / $cSarah Ruffing Robbins.
=264  \1$aAnn Arbor :$bUniversity of Michigan Press,$c[2017]
=264  \3$aBaltimore, Md. :$bProject MUSE, $c2017
=264  \4$c©[2017]
=300  \\$a1 online resource (372 pages).
=336  \\$atext$btxt$2rdacontent
=337  \\$acomputer$bc$2rdamedia
=338  \\$aonline resource$bcr$2rdacarrier
=490  0\$aThe new public scholarship
=505  0\$aIntroduction: Counter-narratives and Cultural Stewardship -- "That my work may speak well for Spelman": Messengers Recording History and Performing Uplift -- Collaborative Writing as Jane Addams's Hull-House Legacy -- Reclaiming Voices from Indian Boarding School Narratives -- Learning from Natives' Cross-Cultural Teaching -- Composing New Learning Legacies.
=506  0\$aOpen Access$fUnrestricted online access$2star
=520  \\$a"Learning Legacies explores the history of cross-cultural teaching approaches, to highlight how women writer-educators used stories about their collaborations to promote community-building. Robbins demonstrates how educators used stories that resisted dominant conventions and expectations about learners to navigate cultural differences. Using case studies of educational initiatives on behalf of African American women, Native American children, and the urban poor, Learning Legacies promotes the importance of knowledge grounded in the histories and cultures of the many racial and ethnic groups that have always comprised America's populace, underscoring the value of rich cultural knowledge in pedagogy by illustrating how creative teachers still draw on these learning legacies today"--$cProvided by publisher
=588  \\$aDescription based on print version record.
=650  \7$aWomen teachers$2fast$0(OCoLC)fst01178592
=650  \7$aEducation$xBiographical methods$2fast$0(OCoLC)fst00902532
=650  \7$aCulturally relevant pedagogy$2fast$0(OCoLC)fst01896513
=650  \7$aLITERARY CRITICISM$xAmerican$xGeneral.$2bisacsh
=650  \7$aHISTORY$zUnited States$xGeneral.$2bisacsh
=650  \7$aEDUCATION$xHistory.$2bisacsh
=650  \7$aLiterature: history & criticism.$2bicssc
=650  \7$aHistory of education.$2bicssc
=650  \7$aEducation.$2bicssc
=650  \6$aEnseignantes$zÉtats-Unis.
=650  \6$aÉducation$xHistoires de vie.
=650  \6$aPedagogie culturellement adaptee$zÉtats-Unis.
=650  \0$aWomen teachers$zUnited States.
=650  \0$aEducation$xBiographical methods.
=650  \0$aCulturally relevant pedagogy$zUnited States.
=651  \7$aUnited States$2fast$0(OCoLC)fst01204155
=655  \7$aElectronic books. $2local
=710  2\$aProject Muse.$edistributor
=830  \0$aBook collections on Project MUSE.
=856  40$zFull text available: $uhttps://muse.jhu.edu/book/52722/
=945  \\$aProject MUSE - 2017 Complete
=945  \\$aProject MUSE - 2017 Global Cultural Studies

