=LDR  05407cam a22008054a 4500
=001  musev2_52095
=003  MdBmJHUP
=005  20241011133139.0
=006  m\\\\\o\\d\\\\\\\\
=007  cr||||||||nn|n
=008  151208t20162016miu\\\\\o\\\\\\00\0\eng\d
=010  \\$z  2020707075
=020  \\$a9780472900626
=020  \\$z9780472119738
=020  \\$z9780472121588
=035  \\$a(OCoLC)945376338
=040  \\$aMdBmJHUP$cMdBmJHUP
=043  \\$aa-ch---
=050  04$aJQ1536
=082  0\$a324.6$223
=245  00$aMixed-Member Electoral Systems in Constitutional Context : $bTaiwan, Japan, and Beyond / $cedited by Nathan F. Batto, Chi Huang, Alexander C. Tan, and Gary W. Cox.
=264  \1$aAnn Arbor :$bUniversity of Michigan Press,$c[2016]
=264  \3$aBaltimore, Md. :$bProject MUSE, $c2018
=264  \4$c©[2016]
=300  \\$a1 online resource (512 pages): $billustrations
=336  \\$atext$btxt$2rdacontent
=337  \\$acomputer$bc$2rdamedia
=338  \\$aonline resource$bcr$2rdacarrier
=490  0\$aNew comparative politics
=504  \\$aIncludes bibliographical references and index.
=505  00$tIntroduction : Legislature-Centric and Executive-Centric Theories of Party Systems and Faction Systems /$rNathan F. Batto and Gary W. Cox --$tThe Consequences of MMM on Party Systems /$rChi Huang, Ming-Feng Kuo, and Hans Stockton --$tThe Consequences of Constitutional Systems on Party Systems /$rJih-wen Lin --$tLDP Factions under SNTV and MMM /$rYoshiaki Kobayashi and Hiroki Tsukiyama --$tExecutive Competition, Electoral Rules, and Faction Systems in Taiwan /$rNathan F. Batto and Hsin-ta Huang --$tInnovations in Candidate Selection Methods /$rEric Chen-hua Yu, Kaori Shoji, and Nathan F. Batto --$tPost Allocation, List Nominations, and Preelectoral Coalitions under MMM /$rKuniaki Nemoto and Chia-hung Tsai --$tSplit-Ticket Voting under MMM /$rT.Y. Wang, Chang-chih Lin, and Yi-ching Hsiao --$tThailand and the Philippines under MMM /$rAllen Hicken --$tPolitical Consequences of New Zealand's MMP System in Comparative Perspective /$rMatthew S. Shugart and Alexander C. Tan --$tPresidents and Blank Votes in the Bolivian and Russian Mixed-Member Systems /$rNathan F. Batto, Henry A. Kim, and Natalia Matukhno --$tConclusions : Mixed-Member Systems Embedded within Constitutional Systems /$rChi Huang.
=506  0\$aOpen Access$fUnrestricted online access$2star
=520  3\$aReformers have promoted mixed-member electoral systems as the "best of both worlds." In this volume, internationally recognized political scientists evaluate the ways in which the introduction of a mixed-member electoral system affects the configuration of political parties. The contributors examine several political phenomena, including cabinet post allocation, nominations, preelectoral coalitions, split-ticket voting, and the size of party systems and faction systems. Significantly, they also consider various ways in which the constitutional system--especially whether the head of government is elected directly or indirectly--can modify the incentives created by the electoral system. The findings presented here demonstrate that the success of electoral reform depends not only on the specification of new electoral rules per se but also on the political context--and especially the constitutional framework--within which such rules are embedded
=583  1\$adigitized$c2016$hHathiTrust Digital Library$lcommitted to preserve$2pda$5MiAaHDL
=588  0\$aDescription based on print version record.
=650  \7$aRepresentative government and representation$2fast
=650  \7$aProportional representation$2fast
=650  \7$aPolitical parties$2fast
=650  \7$aElections$2fast
=650  \7$aPOLITICAL SCIENCE$xPolitical Process$xElections.$2bisacsh
=650  \7$aPolitics & government.$2bicssc
=650  \6$aGouvernement representatif$zTaiwan.
=650  \6$aGouvernement representatif$zJapon.
=650  \6$aRepresentation proportionnelle$zTaiwan.
=650  \6$aRepresentation proportionnelle$zJapon.
=650  \6$aÉlections$zTaiwan.
=650  \6$aÉlections$zJapon.
=650  \0$aRepresentative government and representation$zTaiwan.
=650  \0$aRepresentative government and representation$zJapan.
=650  \0$aProportional representation$zTaiwan.
=650  \0$aProportional representation$zJapan.
=650  \0$aPolitical parties$zTaiwan.
=650  \0$aPolitical parties$zJapan.
=650  \0$aElections$zTaiwan.
=650  \0$aElections$zJapan.
=651  \7$aTaiwan$2fast
=651  \7$aJapan$2fast$1https://id.oclc.org/worldcat/entity/E39PBJkT7GyCmyjxytDfqk6Yfq
=653  \\$apolitics.
=653  \\$agovernment.
=654  \\$aPOLITICAL SCIENCE / General.$2bisacsh
=655  \7$aElectronic books. $2local
=700  1\$aTan, Alexander C.,$eeditor.
=700  1\$aHuang, Chi,$d1953-$eeditor.$1https://id.oclc.org/worldcat/entity/E39PCjt9yK3HBXc4Kq49gCm9Tb
=700  1\$aCox, Gary W.,$eeditor.
=700  1\$aBatto, Nathan F.,$eeditor.
=776  18$iPrint version:$tMixed-member electoral systems in constitutional context.$dAnn Arbor : University of Michigan Press, [2016]$z9780472119738$w(DLC)  2015038638$w(OCoLC)911069469
=710  2\$aProject Muse.$edistributor
=830  \0$aNew comparative politics.
=830  \0$aBook collections on Project MUSE.
=856  40$zFull text available: $uhttps://muse.jhu.edu/book/52095/

