=LDR  04352cam a22006494a 4500
=001  musev2_52096
=003  MdBmJHUP
=005  20241011133139.0
=006  m\\\\\o\\d\\\\\\\\
=007  cr||||||||nn|n
=008  151027s2016\\\\miu\\\\\o\\\\\\00\0\eng\d
=010  \\$z  2020706933
=020  \\$a9780472900602
=020  \\$z9780472119813
=020  \\$z9780472121816
=035  \\$a(OCoLC)978389760
=040  \\$aMdBmJHUP$cMdBmJHUP
=100  1\$aRobinson, Michelle,$d1979-$eauthor.
=245  10$aDreams for Dead Bodies : $bBlackness, Labor, and the Corpus of American Detective Fiction / $cM. Michelle Robinson.
=264  \1$aAnn Arbor :$bUniversity of Michigan Press,$c[2016]
=264  \3$aBaltimore, Md. :$bProject MUSE, $c2018
=264  \4$c&copy;[2016]
=300  \\$a1 online resource (264 pages).
=336  \\$atext$btxt$2rdacontent
=337  \\$acomputer$bc$2rdamedia
=338  \\$aonline resource$bcr$2rdacarrier
=490  0\$aClass : culture
=505  0\$aIntroduction: The original plotmaker -- Reverse type -- The art of framing lies -- To have been possessed -- The great work remaining before us -- Prescription: Homicide? -- Conclusion: dream within a dream.
=506  0\$aOpen Access$fUnrestricted online access$2star
=520  3\$aDreams of Dead Bodies: Blackness, Labor, and Detective Fiction in American Literature argues that the detective genre's lineage lies in unexpected texts: experimental works on the margins of what we recognize as classical detective fiction today. It shows that authors like Edgar Allan Poe, Mark Twain, Pauline Hopkins, and Rudolph Fisher drew on detective fiction's puzzle-elements to wrestle with complicated questions about race and labor in the United States, such that the emergence of detective fiction is itself bound to a history of interracial conflicts and labor struggles. Unlike previous studies of detective fiction, this book foregrounds an interracial genealogy of detective fiction, building a nuanced picture of the ways that both black and white American authors appropriated and cultivated literary conventions that finally coalesced in a recognizable genre at the turn of the twentieth century. These authors tinkered with detective fiction's puzzle-elements to address a variety of historical contexts, including the exigencies of chattel slavery, the erosion of working class solidarities by racial and ethnic competition, and accelerated mass production. Dreams for Dead Bodies demonstrates that nineteenth- and early twentieth-century American literature was broadly engaged with detective fiction, and that authors rehearsed and refined its formal elements in literary works typically relegated to the margins of the genre. By looking at these margins, the book argues, we can better understand the origins and cultural functions of American detective fiction.
=546  \\$aEnglish.
=588  \\$aDescription based on print version record.
=650  \7$aLiterature.$2fast$0(OCoLC)fst00999953
=650  \7$aAfrican Americans in literature.$2fast$0(OCoLC)fst00799727
=650  \7$aDetective and mystery stories, American.$2fast$0(OCoLC)fst00891483
=650  \7$aSlavery in literature.$2fast$0(OCoLC)fst01120515
=650  \7$aWork in literature.$2fast$0(OCoLC)fst01180310
=650  \7$aWorking class in literature.$2fast$0(OCoLC)fst01180556
=650  \7$aLITERARY CRITICISM$xMystery & Detective.$2bisacsh
=650  \7$aLITERARY CRITICISM$xAmerican$xGeneral.$2bisacsh
=650  \7$aSociety and social sciences Society and social sciences.$2bicssc
=650  \7$aSociety and culture: general.$2bicssc
=650  \7$aCultural studies.$2bicssc
=650  \6$aTravail dans la litterature.
=650  \6$aEsclavage dans la litterature.
=650  \6$aTravailleurs dans la litterature.
=650  \6$aNoirs americains dans la litterature.
=650  \0$aWork in literature.
=650  \0$aSlavery in literature.
=650  \0$aWorking class in literature.
=650  \0$aAfrican Americans in literature.
=650  \0$aDetective and mystery stories, American$xHistory and criticism.
=655  \7$aCriticism, interpretation, etc.$2fast$0(OCoLC)fst01411635
=655  \7$aElectronic books. $2local
=710  2\$aProject Muse.$edistributor
=830  \0$aBook collections on Project MUSE.
=856  40$zFull text available: $uhttps://muse.jhu.edu/book/52096/

