=LDR  02598cam a22004694a 4500
=001  musev2_52098
=003  MdBmJHUP
=005  20241011133140.0
=006  m\\\\\o\\d\\\\\\\\
=007  cr||||||||nn|n
=008  151016s2016\\\\miu\\\\\o\\\\\\00\0\eng\d
=010  \\$z  2020707266
=020  \\$a9780472900664
=020  \\$z9780472073030
=020  \\$z9780472053032
=020  \\$z9780472121700
=035  \\$a(OCoLC)978667431
=040  \\$aMdBmJHUP$cMdBmJHUP
=100  1\$aMcBride, Patrizia C.,$eauthor.
=245  14$aThe Chatter of the Visible : $bMontage and Narrative in Weimar Germany / $cPatrizia C. McBride.
=264  \1$aAnn Arbor :$bUniversity of Michigan Press,$c[2016]
=264  \3$aBaltimore, Md. :$bProject MUSE, $c2018
=264  \4$c©[2016]
=300  \\$a1 online resource (288 pages).
=336  \\$atext$btxt$2rdacontent
=337  \\$acomputer$bc$2rdamedia
=338  \\$aonline resource$bcr$2rdacarrier
=490  0\$aKnowledge Unlatched
=505  0\$aIntroduction -- 1. Weimar-Era Montage: Perception, Expression, Storytelling -- 2. The Narrative Restitution of Experience: Walter Benjamin's Storytelling -- 3. Storytelling in the Age of Its Technological Reproducibility: Benjamin on Film and Montage -- 4. Narrating in Three Dimensions: László Moholy-Nagy's "Vision in Motion" -- 5. Narrative Resemblance and the Modernist Photobook -- 6. Abstraction and Montage in the Work of Kurt Schwitters -- Conclusion: Montage after Weimar.
=506  0\$aOpen Access$fUnrestricted online access$2star
=520  1\$a"Examines the paradoxical narrative features of the photomontage aesthetics of artists associated with Dada, Constructivism, and the New Objectivity. While montage strategies have commonly been associated with the purposeful interruption of and challenge to narrative consistency and continuity, McBride offers a historicized reappraisal of 1920s and 1930s German photomontage work to show that its peculiar mimicry was less a rejection of narrative and more an extension or permutation of it."
=546  \\$aEnglish.
=588  \\$aDescription based on print version record.
=650  \7$aPhotography$2fast$0(OCoLC)fst01061714
=650  \7$aART$xHistory$xModern (late 19th Century to 1945)$2bisacsh
=650  \0$aPhotography$zGermany$xHistory$y1918-1933.
=651  \7$aGermany$2fast$0(OCoLC)fst01210272
=655  \7$aHistory$2fast$0(OCoLC)fst01411628
=655  \7$aElectronic books. $2local
=710  2\$aProject Muse.$edistributor
=830  \0$aBook collections on Project MUSE.
=856  40$zFull text available: $uhttps://muse.jhu.edu/book/52098/

