=LDR  05057cam a22007094a 4500
=001  musev2_52100
=003  MdBmJHUP
=005  20241011133143.0
=006  m\\\\\o\\d\\\\\\\\
=007  cr||||||||nn|n
=008  160111s2016\\\\miu\\\\\o\\\\\\00\0\eng\d
=010  \\$z  2020707064
=020  \\$a9780472900633
=020  \\$z9780472072958
=020  \\$z9780472052950
=020  \\$z9780472121557
=035  \\$a(OCoLC)1049855374
=040  \\$aMdBmJHUP$cMdBmJHUP
=100  1\$aCole, Lucinda.
=245  10$aImperfect Creatures : $bVermin, Literature, and the Sciences of Life, 1600-1740 / $cLucinda Cole.
=264  \1$aAnn Arbor :$bUniversity of Michigan Press,$c[2016]
=264  \3$aBaltimore, Md. :$bProject MUSE, $c2018
=264  \4$c&copy;[2016]
=300  \\$a1 online resource (240 pages).
=336  \\$atext$btxt$2rdacontent
=337  \\$acomputer$bc$2rdamedia
=338  \\$aonline resource$bcr$2rdacarrier
=505  0\$aIntroduction: Reading beneath the Grain -- Rats, Witches, Miasma, and Early Modern Theories of Contagion -- Swarming Things: Dearth and the Plagues of Egypt in Wither and Cowley -- "Observe the Frog": Imperfect Creatures, Neuroanatomy, and the Problem of the Human -- Libertine Biopolitics: Dogs, Bitches, and Parasites in Shadwell, Rochester, and Gay -- What Happened to the Rats? Hoarding, Hunger, and Storage on Crusoe's Island -- Afterword: We Have Never Been Perfect.
=506  0\$aOpen Access$fUnrestricted online access$2star
=520  \\$a"Lucinda Cole's Imperfect Creatures offers the first full-length study of the shifting, unstable, but foundational status of "vermin" as creatures and category in the early modern literary, scientific, and political imagination. In the space between theology and an emergent empiricism, Cole's argument engages a wide historical swath of canonical early modern literary texts--William Shakespeare's Macbeth, Christopher Marlowe's The Jew of Malta, Abraham Cowley's The Plagues of Egypt, Thomas Shadwell's The Virtuoso, Rochester's "A Ramble in St. James's Park," and Daniel Defoe's Robinson Crusoe and Journal of the Plague Year--alongside other nonliterary primary sources and under-examined archival materials from the period, including treatises on animal trials, grain shortages, rabies, and comparative neuroanatomy. As Cole illustrates, human health and demographic problems--notably those of feeding populations periodically stricken by hunger, disease, and famine--were tied to larger questions about food supplies, property laws, national identity, and the theological imperatives that underwrote humankind's claim to dominion over the animal kingdom. In this context, Cole's study indicates, so-called "vermin" occupied liminal spaces between subject and object, nature and animal, animal and the devil, the devil and disease--even reason and madness. This verminous discourse formed a foundational category used to carve out humankind's relationship to an unpredictable, a-rational natural world, but it evolved into a form for thinking about not merely animals but anything that threatened the health of the body politic--humans, animals, and even thoughts."--$cProvided by publisher
=546  \\$aEnglish.
=588  \\$aDescription based on print version record.
=650  \7$aScience in literature.$2fast$0(OCoLC)fst01108731
=650  \7$aPests in literature.$2fast$0(OCoLC)fst01938665
=650  \7$aLiterature and science.$2fast$0(OCoLC)fst01000093
=650  \7$aAnimals as carriers of disease.$2fast$0(OCoLC)fst00809570
=650  \7$aEnglish literature.$2fast$0(OCoLC)fst00911989
=650  \7$aHuman-animal relationships.$2fast$0(OCoLC)fst00963482
=650  \7$aHuman-animal relationships in literature.$2fast$0(OCoLC)fst00963492
=650  \7$aLITERARY CRITICISM$xRenaissance.$2bisacsh
=650  \7$aNATURE$xAnimals$xGeneral.$2bisacsh
=650  \6$aLitterature et sciences$zAngleterre$xHistoire$y17e siecle.
=650  \6$aAnimaux (Vecteurs de maladies)
=650  \6$aRelations homme-animal.
=650  \6$aRelations homme-animal dans la litterature.
=650  \6$aAnimaux et plantes nuisibles dans la litterature.
=650  \6$aLitterature anglaise$y18e siecle$xHistoire et critique.
=650  \6$aLitterature anglaise$y17e siecle$xHistoire et critique.
=650  \0$aLiterature and science$zEngland$xHistory$y17th century.
=650  \0$aAnimals as carriers of disease.
=650  \0$aHuman-animal relationships.
=650  \0$aHuman-animal relationships in literature.
=650  \0$aPests in literature.
=650  \0$aEnglish literature$y18th century$xHistory and criticism.
=650  \0$aEnglish literature$y17th century$xHistory and criticism.
=651  \7$aEngland.$2fast$0(OCoLC)fst01219920
=655  \7$aHistory.$2fast$0(OCoLC)fst01411628
=655  \7$aCriticism, interpretation, etc.$2fast$0(OCoLC)fst01411635
=655  \7$aElectronic books. $2local
=710  2\$aProject Muse.$edistributor
=830  \0$aBook collections on Project MUSE.
=856  40$zFull text available: $uhttps://muse.jhu.edu/book/52100/

