=LDR  03695cam a22006974a 4500
=001  musev2_52101
=003  MdBmJHUP
=005  20241011133144.0
=006  m\\\\\o\\d\\\\\\\\
=007  cr||||||||nn|n
=008  151109s2016\\\\miu\\\\\o\\\\\\00\0\eng\d
=010  \\$z  2020707178
=020  \\$a9780472900657
=020  \\$z9780472072941
=020  \\$z9780472052943
=020  \\$z9780472121540
=035  \\$a(OCoLC)1049859313
=040  \\$aMdBmJHUP$cMdBmJHUP
=100  1\$aLepselter, Susan Claudia,$eauthor.
=245  14$aThe Resonance of Unseen Things : $bPoetics, Power, Captivity, and UFOs in the American Uncanny / $cSusan Lepselter.
=264  \1$aAnn Arbor :$bUniversity of Michigan Press,$c[2016]
=264  \3$aBaltimore, Md. :$bProject MUSE, $c2018
=264  \4$c©[2016]
=300  \\$a1 online resource (176 pages).
=336  \\$atext$btxt$2rdacontent
=337  \\$acomputer$bc$2rdamedia
=338  \\$aonline resource$bcr$2rdacarrier
=490  0\$aKnowledge Unlatched
=490  0\$aOpen Access e-Books
=505  0\$aVulnerabilities -- Secret immobilities and the poetics of the uncanny -- Dreaming the colonized world : the resonance of captivity -- You can't repair history -- Here comes a change : at home in the weird -- It all comes together : power, containment, the dream of escape -- One more thing.
=506  0\$aOpen Access$fUnrestricted online access$2star
=520  \\$a"The Resonance of Unseen Things offers an ethnographic meditation on the "uncanny" persistence and cultural freight of conspiracy theory. The project is a reading of conspiracy theory as an index of a certain strain of late 20th-century American despondency and malaise, especially as understood by people experiencing downward social mobility. Written by a cultural anthropologist with a literary background, this deeply interdisciplinary book focuses on the enduring American preoccupation with captivity in a rapidly transforming world. Captivity is a trope that appears in both ordinary and fantastic iterations here, and Susan Lepselter shows how multiple troubled histories--of race, class, gender, and power--become compressed into stories of uncanny memory"--Publisher's description
=546  \\$aEnglish.
=588  \\$aDescription based on print version record.
=650  \7$aConspiracy theories$zUnited States.$2nli
=650  \7$aHuman-alien encounters.$2nli
=650  \7$aAlien abduction.$2fast$0(OCoLC)fst00805048
=650  \7$aCaptivity narratives.$2fast$0(OCoLC)fst00846616
=650  \7$aConspiracy theories.$2fast$0(OCoLC)fst01748943
=650  \7$aHuman-alien encounters.$2fast$0(OCoLC)fst00963475
=650  \7$aUncanny, The (Psychoanalysis)$2fast$0(OCoLC)fst01749743
=650  \7$aSOCIAL SCIENCE$xGeneral.$2bisacsh
=650  \7$aSocial & cultural anthropology, ethnography.$2bicssc
=650  \6$aInquietante etrangete (Psychanalyse)
=650  \6$aRecits de captivite$zÉtats-Unis.
=650  \6$aTheories du complot$zÉtats-Unis.
=650  \6$aEnlevement extraterrestre.
=650  \6$aRencontres avec les extraterrestres.
=650  \0$aUncanny, The (Psychoanalysis)
=650  \0$aCaptivity narratives$zUnited States.
=650  \0$aConspiracy theories$zUnited States.
=650  \0$aAlien abduction.
=650  \0$aHuman-alien encounters.
=651  \7$aUnited States.$2fast$0(OCoLC)fst01204155
=655  \7$aÉtudes ethnographiques.$2rvmgf
=655  \7$aEthnographies.$2lcgft
=655  \7$aEthnographies.$2fast$0(OCoLC)fst02000487
=655  \7$aElectronic books. $2local
=710  2\$aProject Muse.$edistributor
=830  \0$aBook collections on Project MUSE.
=856  40$zFull text available: $uhttps://muse.jhu.edu/book/52101/

