=LDR  03914cam a22005654a 4500
=001  musev2_52102
=003  MdBmJHUP
=005  20241011133144.0
=006  m\\\\\o\\d\\\\\\\\
=007  cr||||||||nn|n
=008  160115s2016\\\\miu\\\\\o\\\\\\00\0\eng\d
=010  \\$z  2020707319
=020  \\$a9780472900046
=020  \\$z9780472121878
=020  \\$z9780472053100
=020  \\$z9780472073108
=035  \\$a(OCoLC)946036793
=040  \\$aMdBmJHUP$cMdBmJHUP
=100  1\$aPage, Joanna,$d1974-$eauthor.
=245  10$aScience Fiction in Argentina : $bTechnologies of the Text in a Material Multiverse / $cJoanna Page.
=264  \1$aAnn Arbor :$bUniversity of Michigan Press,$c[2016]
=264  \3$aBaltimore, Md. :$bProject MUSE, $c2018
=264  \4$c&copy;[2016]
=300  \\$a1 online resource (288 pages).
=336  \\$atext$btxt$2rdacontent
=337  \\$acomputer$bc$2rdamedia
=338  \\$aonline resource$bcr$2rdacarrier
=490  0\$aDigital culture books
=505  0\$aIntroduction -- Fantasy and science between intellectuals and the masses -- Mediation and materiality in graphic fiction -- Time, technics, and the transmission of culture -- Projection, prosthesis, plasticity: literature in the age of the image -- Beyond the linguistic turn: mathematics and new materialism in contemporary literature and theater -- Modernity and cinematic time in science fiction film -- Conclusion -- Notes -- Bibliography.
=506  0\$aOpen Access$fUnrestricted online access$2star
=520  \\$aThis book examines an unprecedented range of science fiction texts -- including literature, cinema, theater, and comics -- produced in Argentina from the nineteenth to the twenty-first centuries. These works address themes common to the genre across the industrialized world, including techno-authoritarianism, new modes of posthuman subjectivity, and apocalyptic visions of environmental catastrophe. At the same time, Argentine science fiction is fully grounded in the social and political life of the nation. The texts discussed here explore the impact of an uneven modernization, mass migration, dictatorships, crises in national identity, the rise and fall of the Left, the question of Argentina's indigenous heritage, the impact of neoliberalism, and the most recent economic crisis of 2001. Argentine science fiction is also highly reflexive, debating within its pages the role of science fiction and fantasy in the society of its day, and the nature of the text in a world of advancing technology. This book makes important contributions to our understanding of science fiction as a genre, as well as to materialist theories of cultural texts. It will also interest students and scholars researching the culture, history, and politics of Argentina and Latin America.
=546  \\$aEnglish.
=588  \\$aDescription based on print version record.
=650  \7$aScience fiction, Argentine.$2fast$0(OCoLC)fst01108647
=650  \7$aLiterature and technology.$2fast$0(OCoLC)fst01000104
=650  \7$aFantasy fiction, Argentine.$2fast$0(OCoLC)fst00920731
=650  \7$aLITERARY CRITICISM$xCaribbean & Latin American.$2bisacsh
=650  \7$aLITERARY CRITICISM$xScience Fiction & Fantasy.$2bisacsh
=650  \7$aLiterature: history & criticism.$2bicssc
=650  \7$aLiterary studies: fiction, novelists & prose writers.$2bicssc
=650  \6$aLitterature et technologie$zArgentine.
=650  \0$aFantasy fiction, Argentine$xHistory and criticism.
=650  \0$aLiterature and technology$zArgentina.
=650  \0$aScience fiction, Argentine$xHistory and criticism.
=651  \7$aArgentina.$2fast$0(OCoLC)fst01205614
=655  \7$aCriticism, interpretation, etc.$2fast$0(OCoLC)fst01411635
=655  \7$aElectronic books. $2local
=710  2\$aProject Muse.$edistributor
=830  \0$aBook collections on Project MUSE.
=856  40$zFull text available: $uhttps://muse.jhu.edu/book/52102/

