=LDR  06039cam a22006974a 4500
=001  musev2_52103
=003  MdBmJHUP
=005  20241011133145.0
=006  m\\\\\o\\d\\\\\\\\
=007  cr||||||||nn|n
=008  160208s2016\\\\miu\\\\\o\\\\\\00\0\eng\d
=010  \\$z  2020715664
=020  \\$a9780472121809
=020  \\$z9780472900619
=020  \\$z9780472119806
=035  \\$a(OCoLC)1049859758
=040  \\$aMdBmJHUP$cMdBmJHUP
=100  1\$aFawcett, Julia H.,$eauthor.
=245  10$aSpectacular Disappearances : $bCelebrity and Privacy, 1696-1801 / $cJulia H. Fawcett.
=264  \1$aAnn Arbor :$bUniversity of Michigan Press,$c[2016]
=264  \3$aBaltimore, Md. :$bProject MUSE, $c2018
=264  \4$c©[2016]
=300  \\$a1 online resource (304 pages).
=336  \\$atext$btxt$2rdacontent
=337  \\$acomputer$bc$2rdamedia
=338  \\$aonline resource$bcr$2rdacarrier
=505  0\$aIntroduction -- The celebrity emerges as the deformed king: Richard III, the king of the dunces, and the overexpression of Englishness -- The growth of celebrity culture: Colley Cibber, Charlotte Charke, and the overexpression of gender -- The canon of print: Laurence Sterne and the overexpression of character -- The fate of overexpression in the age of sentiment: David Garrick, George Anne Bellamy, and the paradox of the actor -- The memoirs of Perdita and the language of loss: Mary Robinson's alternative to overexpression -- Coda: overexpression and its legacy.
=506  0\$aOpen Access$fUnrestricted online access$2star
=520  3\$aHow can the modern individual control his or her self-representation when the whole world seems to be watching? This question is a familiar one amid the the twenty-first century's architecture of 24-hour newsrooms, chat rooms and interrogation rooms, but this book traces this question back to the stages, the pages, and the streets of eighteenth-century London--and to the strange and spectacular self-representations performed there by England's first modern celebrities. These self-representations include the enormous wig that the actor, manager, and playwright Colley Cibber donned in his most famous comic role as Lord Foppington--and that later reappeared on the head of Cibber's cross-dressing daughter, Charlotte Charke. They include the black page of 'Tristram Shandy, ' a memorial to the parson Yorick (and his author Laurence Sterne), a page so full of ink that it cannot be read. And they include the puffs and prologues that David Garrick used to hiehgten his publicity while protecting his privacy; the epistolary autobiography, modeled on the sentimental novel, of Garrick's protegee George Anne Bellamy; and the elliptical poems and portraits of the poet, actress, and royal courtesan Mary Robinson, known throughout her life as Perdita. Linking all of these representations is a quality that Fawcett terms "over-expression." 'Spectacular Disappearances' theorizes over-expression as the unique quality that allows celebrities to meet their spectators' demands for disclosure without giving themselves away. Like a spotlight so brilliant it is blinding, these exaggerated but illegible self-representations suggest a new way of understanding some of the key aspects of celebrity culture, both in the eighteenth century and today. They also challenge many of the disciplinary divides between theatrical character and novelistic character in eighteenth-century studies, or between performance studies and literary studies today. Drawing on a wide variety of materials and methodologies, 'Spectacular Disappearances' provides an overlooked but indispensable history for scholars and students of celebrity studies, performance studies, and autobiography--as well as to anyone curious about the origins of the eighteenth-century self.
=520  3\$aFawcett theorizes over-expression as the unique quality that allows celebrities to meet their spectators' demands for disclosure without giving themselves away. Like a spotlight so brilliant it is blinding, these exaggerated self-representations suggest a new way of understanding key aspects of celebrity culture, in the 18th century and today. This title was made Open Access by libraries from around the world through Knowledge Unlatched.
=546  \\$aText in English.
=588  \\$aDescription based on print version record.
=650  \7$aPrivatsphäre$2gnd
=650  \7$aSelbstdarstellung$2gnd
=650  \7$aHistorische Persönlichkeit$2gnd
=650  \7$aTheater.$2fast$0(OCoLC)fst01149217
=650  \7$aPrivacy.$2fast$0(OCoLC)fst01077437
=650  \7$aFame$xSocial aspects.$2fast$0(OCoLC)fst00920130
=650  \7$aEnglish literature.$2fast$0(OCoLC)fst00911989
=650  \7$aCivilization.$2fast$0(OCoLC)fst00862898
=650  \7$aCelebrities.$2fast$0(OCoLC)fst00850072
=650  \7$aLITERARY CRITICISM$xEuropean$xEnglish, Irish, Scottish, Welsh.$2bisacsh
=650  \6$aVie privee$zGrande-Bretagne$xHistoire$y18e siecle.
=650  \6$aTheâtre$zGrande-Bretagne$xHistoire$y18e siecle.
=650  \6$aLitterature anglaise$y18e siecle$xHistoire et critique.
=650  \6$aCelebrites$zGrande-Bretagne$xHistoire$y18e siecle.
=650  \0$aPrivacy$zGreat Britain$xHistory$y18th century.
=650  \0$aTheater$zGreat Britain$xHistory$y18th century.
=650  \0$aEnglish literature$y18th century$xHistory and criticism.
=650  \0$aFame$xSocial aspects$zGreat Britain$xHistory$y18th century.
=650  \0$aCelebrities$zGreat Britain$xHistory$y18th century.
=651  \7$aGrossbritannien$2gnd
=651  \7$aGreat Britain.$2fast$0(OCoLC)fst01204623
=651  \6$aGrande-Bretagne$xCivilisation$y18e siecle.
=651  \0$aGreat Britain$xCivilization$y18th century.
=655  \7$aHistory.$2fast$0(OCoLC)fst01411628
=655  \7$aCriticism, interpretation, etc.$2fast$0(OCoLC)fst01411635
=655  \7$aElectronic books. $2local
=710  2\$aProject Muse.$edistributor
=830  \0$aBook collections on Project MUSE.
=856  40$zFull text available: $uhttps://muse.jhu.edu/book/52103/

