=LDR  02515cam a22006254a 4500
=001  musev2_52104
=003  MdBmJHUP
=005  20241011133146.0
=006  m\\\\\o\\d\\\\\\\\
=007  cr||||||||nn|n
=008  160414s2016\\\\miu\\\\\o\\\\\\00\0\eng\d
=010  \\$z  2020707187
=020  \\$a9780472900565
=020  \\$z9780472004638
=020  \\$z9780472053254
=020  \\$z9780472122356
=020  \\$z9780472073252
=035  \\$a(OCoLC)993676512
=040  \\$aMdBmJHUP$cMdBmJHUP
=100  1\$aCheng, William,$d1985-$eauthor.
=245  10$aJust Vibrations : $bThe Purpose of Sounding Good / $cWilliam Cheng.
=264  \1$aAnn Arbor :$bUniversity of Michigan Press,$c[2016]
=264  \3$aBaltimore, Md. :$bProject MUSE, $c2018
=264  \4$c©[2016]
=300  \\$a1 online resource (192 pages).
=336  \\$atext$btxt$2rdacontent
=337  \\$acomputer$bc$2rdamedia
=338  \\$aonline resource$bcr$2rdacarrier
=505  0\$aIntroduction : Dare we care? -- Aching for repair -- Sing the ivory tower blues -- How hopeful the queer -- Earsplitting -- Coda : If we break.
=506  0\$aOpen Access$fUnrestricted online access$2star
=520  \\$a"Licensed under the Creative Commons Attribution-Noncommercial-No Derivative Works 3.0 United States license"--Title page verso
=588  \\$aDescription based on print version record.
=600  17$aCheng, William,$d1985-$2fast$0(OCoLC)fst01988582
=600  11$aCheng, William,$d1985-
=600  10$aCheng, William,$d1985-
=650  \7$aMusicologists.$2fast$0(OCoLC)fst01030891
=650  \7$aMusic$xMoral and ethical aspects.$2fast$0(OCoLC)fst01030395
=650  \7$aGay musicologists.$2fast$0(OCoLC)fst01940219
=650  \7$aChronic pain$xPatients.$2fast$0(OCoLC)fst00860121
=650  \7$aSOCIAL SCIENCE$xPeople with Disabilities.$2bisacsh
=650  \7$aMusic.$2bicssc
=650  \6$aMusicologie$xAspect moral.
=650  \6$aMusicologues$zÉtats-Unis.
=650  \6$aMusique$xAspect moral.
=650  \6$aDouleur chronique$xPatients.
=650  \0$aMusicology$xMoral and ethical aspects.
=650  \0$aMusicologists$zUnited States.
=650  \0$aMusic$xMoral and ethical aspects.
=650  \0$aGay musicologists$zUnited States.
=650  \0$aChronic pain$xPatients.
=651  \7$aUnited States.$2fast$0(OCoLC)fst01204155
=655  \7$aElectronic books. $2local
=710  2\$aProject Muse.$edistributor
=830  \0$aBook collections on Project MUSE.
=856  40$zFull text available: $uhttps://muse.jhu.edu/book/52104/

