=LDR  06644cam a22006134a 4500
=001  musev2_52738
=003  MdBmJHUP
=005  20241011133918.0
=006  m\\\\\o\\d\\\\\\\\
=007  cr||||||||nn|n
=008  150814s2014\\\\sa\\\\\\o\\\\\\00\0\eng\d
=010  \\$z  2015453367
=020  \\$a9781868147663
=020  \\$z9781868147656
=020  \\$z9781868148134
=035  \\$a(OCoLC)1016591184
=040  \\$aMdBmJHUP$cMdBmJHUP
=245  00$aChanging Space, Changing City : $bJohannesburg after apartheid - Open Access selection / $cedited by Philip Harrison, Graeme Gotz, Alison Todes, Chris Wray.
=264  \1$aJohannesburg :$bWits University Press,$c2014.
=264  \3$aBaltimore, Md. :$bProject MUSE, $c2018
=264  \4$c©2014.
=300  \\$a1 online resource (656 pages): $billustrations, maps (some colour)
=336  \\$atext$btxt$2rdacontent
=337  \\$acomputer$bc$2rdamedia
=338  \\$aonline resource$bcr$2rdacarrier
=505  0\$a1. Materialities, subjectivities and spatial transformation in Johannesburg -- Section A. The macro trends. 2. The \2018thin oil of urbanisation\2019? : Spatial change in Johannesburg and the Gauteng city-region -- 3. Poverty and inequality in the Gauteng city-region -- 4. The impact of policy and strategic spatial planning -- 5. Tracking changes in the urban built environment : An emerging perspective from the City of Johannesburg -- 6. Johannesburg\2019s urban space economy -- 7. Changes in the natural landscape -- 8. Informal settlements -- 9. Public housing in Johannesburg -- 10. Transport in the shaping of space -- 11. Gated communities and spatial transformation in Greater Johannesburg -- Section B. Area-based transformations. 12. Between fixity and flux: Grappling with transience and permanence in the inner city -- 13. Are Johannesburg\2019s peri-central neighbourhoods irremediably \2018fluid\2019? : Local leadership and community building in Yeoville and Bertrams -- 14. The wrong side of the mining belt? Spatial transformations and identities in Johannesburg\2019s southern suburbs -- 15. Soweto.: A study in socio-spatial differentiation -- 16. Kliptown: Resilience and despair in the face of a hundred years of planning -- 17. Alexandra -- 18. Sandton Central, 1969\20132013. From open veld to new CBD? -- 19. In the forest of transformation.: Johannesburg\2019s northern suburbs -- 20. The north-western edge -- 21. The 2010 World Cup and its legacy in the Ellis Park Precinct : Perceptions of local residents -- 22. Transformation through transportation: Some early impacts of Bus Rapid Transit in Orlando, Soweto -- Section C: Spatial identities. 23. Footprints of Islam in Johannesburg -- 24. Being an immigrant and facing uncertainty in Johannesburg : The case of Somalis -- 25. On \2018spaces of hope\2019: Exploring Hillbrow\2019s discursive credoscapes -- 26. The Central Methodist Church -- 27. The Ethiopian Quarter -- 28. Urban collage : Yeoville -- 29. Phantoms of the past, spectres of the present : Chinese space in Johannesburg -- 30. The notice -- 31. Inner-city street traders : Legality and spatial practice -- 32. Waste pickers/informal recyclers -- 33. The fear of others : Responses to crime and urban transformation in Johannesburg -- 34. Black urban, black research : Why understanding space and identity in South Africa still Matters.
=506  0\$aOpen Access$fUnrestricted online access$2star
=520  \\$a"As the dynamo of South Africa\2019s economy, Johannesburg commands a central position in the nation\2019s imagination, and scholars throughout the world monitor the city as an exemplar of urbanity in the global South. This richly illustrated study offers detailed empirical analyses of changes in the city\2019s physical space, as well as a host of chapters on the character of specific neighbourhoods and the social identities being forged within them. Informing all of these is a consideration of underlying economic, social and political processes shaping the wider Gauteng region. A mix of respected academics, practising urban planners and experienced policymakers offer compelling overviews of the rapid and complex spatial developments that have taken place in Johannesburg since the end of apartheid, along with tantalising glimpses into life on the streets and behind the high walls of this diverse city. The book has three sections. Section A provides an overview of macro spatial trends and the policies that have infl uenced them. Section B explores the shaping of the city at district and suburban level, revealing the peculiarity of processes in different areas. This analysis elucidates thelarger trends, while identifying shifts that are not easily detected at the macro level. Section C is an assembly of chapters and short vignettes that focus on the interweaving of place and identity at a micro level. With empirical data supported by new data sets including the 2011 Census, the city\2019s Development Planning and Urban Management Department\2019s information system, and Gauteng City-Region Observatory\2019s substantial archive, the book is an essential reference for planning practitioners, urban geographers, sociologists, and social anthropologists, among others."--Publisher description.
=588  \\$aDescription based on print version record.
=651  \7$aJohannesburg$2gnd
=651  \7$aSouth Africa$zJohannesburg.$2fast$0(OCoLC)fst01206332
=651  \0$aJohannesburg (South Africa)
=650  \7$aStadtentwicklung$2gnd
=650  \7$aSozialer Wandel$2gnd
=650  \7$aUrban policy.$2fast$0(OCoLC)fst01162489
=650  \7$aSociology, Urban.$2fast$0(OCoLC)fst01123961
=650  \7$aCity planning.$2fast$0(OCoLC)fst00862177
=650  \7$aARCHITECTURE / Urban & Land Use Planning$2bisacsh
=650  \6$aPolitique urbaine$zAfrique du Sud$zJohannesburg.
=650  \6$aSociologie urbaine$zAfrique du Sud$zJohannesburg.
=650  \0$aCity planning$zSouth Africa$zJohannesburg.
=650  \0$aUrban policy$zSouth Africa$zJohannesburg.
=650  \0$aSociology, Urban$zSouth Africa$zJohannesburg.
=655  \7$aElectronic books. $2local
=700  1\$aHarrison, Philip,$d1964-$eeditor.
=700  1\$aGötz, Graeme,$eeditor.
=700  1\$aTodes, A.,$eeditor.
=700  1\$aWray, Chris,$eeditor.
=710  2\$aProject Muse.$edistributor
=830  \0$aBook collections on Project MUSE.
=856  40$zFull text available: $uhttps://muse.jhu.edu/book/52738/
=945  \\$aProject MUSE - Archive Complete Supplement VI
=945  \\$aProject MUSE - Archive Political Science and Policy Studies Supplement VI
=945  \\$aProject MUSE - Archive African Studies Supplement V

