=LDR  03025cam a22007094a 4500
=001  musev2_52249
=003  MdBmJHUP
=005  20241011133326.0
=006  m\\\\\o\\d\\\\\\\\
=007  cr||||||||nn|n
=008  171009s2015\\\\miu\\\\\o\\\\\\00\0\eng\d
=010  \\$z  2015295700
=020  \\$a9780472900176
=020  \\$z9780472120994
=020  \\$z9780472052585
=020  \\$z9780472072583
=035  \\$a(OCoLC)1017611483
=040  \\$aMdBmJHUP$cMdBmJHUP
=100  1\$aRidge, Ryan,$eauthor.
=245  10$aAmerican Homes / $cRyan Ridge.
=264  \1$aAnn Arbor :$bUniversity of Michigan Press,$c[2015]
=264  \3$aBaltimore, Md. :$bProject MUSE, $c2018
=264  \4$c&copy;[2015]
=300  \\$a1 online resource (128 pages): $billustrations
=336  \\$atext$btxt$2rdacontent
=337  \\$acomputer$bc$2rdamedia
=338  \\$aonline resource$bcr$2rdacarrier
=490  0\$aTwenty-First Century Prose series
=500  \\$aIncludes index.
=505  00$tPart III (anatomy) --$tDifferent voices/different rooms --$tIdeas --$tGhandi's idea --$tIdea for garage --$tIdea for hallway --$tIdea for closet --$tIdea for foyer --$tIdea for skylight --$tIdea for nursery --$tIdea for outdoor office chair --$tIdea for porch swing party --$tIdea for kitchen sink --$tIdea for dining room --$tIdea for home antenna --$tIdea for balcony --$tIdea for White House --$tIdea for American dream house --$tIdea for neighbors --$tIdea for stairs.
=506  0\$aOpen Access$fUnrestricted online access$2star
=520  \\$aAmerican Homes incorporates poetry, prose, and various schematic devices, including dozens of illustrations by the artist Jacob Heustis, to create a cracked narrative of the domestic spaces we inhabit.
=588  \\$aDescription based on print version record.
=650  \7$aShort stories.$2fast$0(OCoLC)fst01117043
=650  \7$aAmerican fiction.$2fast$0(OCoLC)fst00807048
=650  \7$aFICTION$xGeneral.$2bisacsh
=650  \7$ashort stories.$2aat
=650  \6$aNouvelles.
=650  \6$aRoman americain.
=650  \0$aShort stories.
=650  \0$aAmerican fiction.
=655  \7$aPoesie.$2rvmgf
=655  \7$aRomans.$2rvmgf
=655  \7$aNouvelles.$2rvmgf
=655  \7$aNovels.$2lcgft
=655  \7$aPoetry.$2lcgft
=655  \7$aFiction.$2lcgft
=655  \7$aShort stories.$2lcgft
=655  \7$aShort stories.$2gsafd
=655  \7$aFiction.$2fast$0(OCoLC)fst01423787
=655  \7$aPoetry.$2fast$0(OCoLC)fst01423828
=655  \7$aShort stories.$2fast$0(OCoLC)fst01726740
=655  \7$apoetry.$2aat
=655  \7$anovels.$2aat
=655  \7$ashort stories.$2aat
=655  \7$aElectronic books. $2local
=710  2\$aUniversity of Michigan.$bPress,$epublisher.
=710  2\$aProject Muse.$edistributor
=830  \0$aBook collections on Project MUSE.
=856  40$zFull text available: $uhttps://muse.jhu.edu/book/52249/
=945  \\$aProject MUSE - Archive Complete Supplement VI
=945  \\$aProject MUSE - Archive Poetry, Fiction and Creative Non-Fiction Supplement VI

