=LDR  08184cam a22008294a 4500
=001  musev2_52251
=003  MdBmJHUP
=005  20241011133328.0
=006  m\\\\\o\\d\\\\\\\\
=007  cr||||||||nn|n
=008  160411s2016\\\\miu\\\\\o\\\\\\00\0\eng\d
=010  \\$z  2020707263
=020  \\$a9780472900596
=020  \\$z9780472121946
=020  \\$z9780472119905
=035  \\$a(OCoLC)1017612060
=040  \\$aMdBmJHUP$cMdBmJHUP
=043  \\$ae-pl---$ae-gx---
=050  04$aDK4780.2
=082  0\$a709.438/52$223
=100  1\$aBarnstone, Deborah Ascher,$eauthor.
=245  10$aBeyond the Bauhaus : $bCultural Modernity in Breslau, 1918-33 / $cDeborah Ascher Barnstone.
=264  \1$aAnn Arbor :$bUniversity of Michigan Press,$c[2016]
=264  \3$aBaltimore, Md. :$bProject MUSE, $c2018
=264  \4$c©[2016]
=300  \\$a1 online resource (268 pages).
=336  \\$atext$btxt$2rdacontent
=337  \\$acomputer$bc$2rdamedia
=338  \\$aonline resource$bcr$2rdacarrier
=490  0\$aSocial history, popular culture, and politics in Germany
=504  \\$aIncludes bibliographical references (pages 237-244) and index.
=505  0\$aIntroduction: Breslau and the culture of the Weimar Republic -- Tradition and modernity : urban planning in Breslau -- Another way to understand modernism : Breslau Wohnung und Werkbund Ausstellung, 1929 -- The Breslau Academy of Fine and Applied Arts -- Dissemination of taste : Breslau collectors, arts associations, and museums -- Between idealism and realism : architecture in Breslau -- A nonideological modernism : Breslau artists in the 1920s -- Epilogue.
=506  0\$aOpen Access$fUnrestricted online access$2star
=520  2\$a"The Breslau arts scene during the Weimar period was one of the most vibrant in all of Germany, yet it has disappeared from memory and historiography. Breslau was a key center for innovative artistic production during the Weimar Republic; recovery of its history will shed new light on German cultural dynamics in the 1920s. Such a study has art historical significance because of the incredible extent of innovation that occurred in almost every intellectual field, advances that formed the basis for aesthetic modernism internationally and continue to affect the course of visual art and architecture today. Architecture education, just one example in many, is still largely based on a combination of the Bauhaus model from the 1920s and the model developed at the Breslau Academy of Fine and Applied Art. The exploratory attitude encouraged in Weimar era arts endeavors, as opposed to the conformism of academic art, is still a core value promoted in contemporary art and architecture circles. Given the long-lasting influence of Weimar culture on modernism one would expect to find a spate of studies examining every aspect of its cultural production, but this is not the case. Recent scholarship is almost exclusively focused on Berlin and the Dessau Bauhaus. Although both interests are understandable, the creative explosion was not confined to these cities but was part of a larger cultural ethos that extended into many of the smaller regional centers. The Expressionist associations the Blaue Reiter in Munich and Brücke in Dresden are two well-known examples. Equally, innovation was not confined to a few monumental projects like the Stuttgart Weissenhofsiedlung but part of a broader national cultural ethos. The dispersion of modernism occurred partly because of the political history of Germany as a loosely joined confederation of small city states and principalities that had strong individual cultural identities before unification in 1871 but also because of the German propensity to value and take intense pride in the Heimat, understood both as the hometown and the region. Heimatliebe translated into generous support for cultural institutions in outlying cities. Host to a roster of internationally acclaimed artists and architects, major collectors, arts organizations, museums, presses, galleries, and one of the premier German arts academies of the day, Breslau boasted a thriving modern arts scene until 1933 when the Nazis began their assault on so-called 'degenerate' art. This book charts the cultural production of Breslau-based artists, architects, art collectors, urban designers, and arts educators, who were especially interesting because they operated in the space between the margins of Weimar-era cultural debates. Rather than accepting the radical position of the German avant-garde or the reactionary position of German conservatives, many Breslauers sought a middle ground. It is the first book in English to address this history and presents the history in a manner unique to any studies currently on the market. Beyond the Bauhaus explores the polyvalent and contradictory nature of cultural production in Breslau in order to expand the cultural and geographic scope of Weimar history; the book asserts a reciprocal dimension to the relationship between regional culture and national culture, between centers like Breslau and the capital Berlin. With major international figures like the painters Otto Mueller and Oskar Moll, architects Hans Scharoun and Adolf Rading, urban planners Max Berg and Ernst May, collectors Ismar Littmann and Max Silberberg, and an art academy that by 1929 was considered the best in Germany, Breslau clearly had significance to narratives of Weimar cultural production. Beyond the Bauhaus contributes the history of German culture during the Weimar Republic. It belongs alongside histories of art, architecture, urban design, exhibition, collecting, and culture; histories of the Bauhaus; histories of arts education more broadly; and German history. The readership would include those interested in German history; German art, architecture, urban design, planning, collecting, and exhibition history; in the avant-garde; the development of arts academies and arts pedagogy; and the history of Breslau and Silesia"--Google Books
=546  \\$aText in English.
=588  0\$aDescription based on print version record.
=651  \7$aPoland$zWrocław$2fast$1https://id.oclc.org/worldcat/entity/E39QbtfRv4FGtCcBp99CKPpjPp
=651  \7$aGermany$2fast$1https://id.oclc.org/worldcat/entity/E39PBJtCD3rcKcPDx6FHmjvrbd
=651  \6$aAllemagne$xHistoire$y1918-1933.
=651  \6$aAllemagne$xVie intellectuelle$y20e siecle.
=651  \0$aGermany$xHistory$y1918-1933.
=651  \0$aGermany$xIntellectual life$y20th century.
=651  \0$aWrocław (Poland)$xIntellectual life$y20th century.
=651  \0$aWrocław (Poland)$xCivilization$y20th century.
=650  \7$aModernism (Aesthetics)$2fast
=650  \7$aIntellectual life$2fast
=650  \7$aInfluence (Literary, artistic, etc.)$2fast
=650  \7$aCivilization$2fast
=650  \7$aCity and town life$2fast
=650  \7$aArts, German$2fast
=650  \7$aART$xHistory$xGeneral.$2bisacsh
=650  \7$aHISTORY$xGeneral.$2bisacsh
=650  \7$aART$xGeneral.$2bisacsh
=650  \6$aVie urbaine$zPologne$zWrocław$xHistoire$y20e siecle.
=650  \6$aArts allemands$zPologne$zWrocław$xHistoire$y20e siecle.
=650  \6$aModernisme (Esthetique)$zPologne$zWrocław$xHistoire$y20e siecle.
=650  \0$aCity and town life$zPoland$zWrocław$xHistory$y20th century.
=650  \0$aArts, German$zPoland$zWrocław$xHistory$y20th century.
=650  \0$aModernism (Aesthetics)$zPoland$zWrocław$xHistory$y20th century.
=610  27$aBauhaus$xInfluence$xHistory.$2nli
=610  27$aBauhaus$2fast
=610  20$aBauhaus$xInfluence$xHistory.
=648  \7$a1900-1999$2fast
=655  \7$aHistory$2fast
=655  \7$aElectronic books. $2local
=776  18$iPrint version:$tBeyond the Bauhaus.$dAnn Arbor : University of Michigan Press, [2016]$z9780472119905$w(DLC)  2016010865
=710  2\$aProject Muse.$edistributor
=830  \0$aSocial history, popular culture, and politics in Germany.
=830  \0$aBook collections on Project MUSE.
=856  40$zFull text available: $uhttps://muse.jhu.edu/book/52251/
=945  \\$aProject MUSE - 2016 Complete Supplement
=945  \\$aProject MUSE - 2016 Global Cultural Studies Supplement

