=LDR  04242cam a22006374a 4500
=001  musev2_52252
=003  MdBmJHUP
=005  20241011133329.0
=006  m\\\\\o\\d\\\\\\\\
=007  cr||||||||nn|n
=008  160705s2016\\\\miu\\\\\o\\\\\\00\0\eng\d
=010  \\$z  2020707435
=020  \\$a9780472900053
=020  \\$z9780472121748
=020  \\$z9780472073061
=020  \\$z9780472053063
=035  \\$a(OCoLC)1017612441
=040  \\$aMdBmJHUP$cMdBmJHUP
=050  04$aAZ105
=082  0\$a001.30285$223
=100  1\$aSvensson, Patrik,$eauthor.
=245  10$aBig Digital Humanities : $bImagining a Meeting Place for the Humanities and the Digital / $cPatrik Svensson.
=264  \1$aAnn Arbor :$bUniversity of Michigan Press,$c[2016]
=264  \3$aBaltimore, Md. :$bProject MUSE, $c2018
=264  \4$c©[2016]
=300  \\$a1 online resource (300 pages).
=336  \\$atext$btxt$2rdacontent
=337  \\$acomputer$bc$2rdamedia
=338  \\$aonline resource$bcr$2rdacarrier
=490  0\$aDigital humanities
=490  0\$aDigital culture books
=504  \\$aIncludes bibliographical references and index.
=505  0\$aIntroducing the digital humanities -- Digital humanities as a field -- Three premises of big digital humanities -- Humanities infrastructure -- Making big digital humanities -- Epilogue: Making December events.
=506  0\$aOpen Access$fUnrestricted online access$2star
=520  \\$aBig Digital Humanities has its origins in a series of seminal articles Patrik Svensson published in the Digital Humanities Quarterly between 2009 and 2012. As these articles were coming out, enthusiasm around Digital Humanities was acquiring a great deal of momentum and significant disagreement about what did or didn't "count" as Digital Humanities work. Svensson's articles provided a widely sought after omnibus of Digital Humanities history, practice, and theory. They were informative and knowledgeable and tended to foreground reportage and explanation rather than utopianism or territorial contentiousness. In revising his original work for book publication, Svensson has responded to both subsequent feedback and new developments. Svensson's own unique perspective and special stake in the Digital Humanities conversation comes from his role as director of the HUMlab at Umeå University. HUMlab is a unique collaborative space and Digital Humanities center, which officially opened its doors in 2000. According to its own official description, the HUMlab is an open, creative studio environment where "students, researchers, artists, entrepreneurs and international guests come together to engage in dialogue, experiment with technology, take on challenges and move scholarship forward." It is this last element "moving scholarship forward" that Svensson argues is the real opportunity in what he terms the "big digital humanities," or digital humanities as practiced in collaborative spaces like the HUMlab, and he is uniquely positioned to take an account of this evolving dimension of Digital Humanities practice.
=588  0\$aDescription based on print version record.
=650  \7$aDigital humanities$2fast
=650  \7$aBig data$2fast
=650  \7$aEDUCATION$xEssays.$2bisacsh
=650  \7$aREFERENCE$xQuestions & Answers.$2bisacsh
=650  \7$aEducation.$2bicssc
=650  \7$adigital humanities.$2aat
=650  \6$aDonnees volumineuses.
=650  \6$aSciences humaines numeriques.
=650  \0$aBig data.
=650  \0$aDigital humanities.
=655  \7$aElectronic books. $2local
=758  \\$ihas work:$aBig Digital Humanities (Text)$1https://id.oclc.org/worldcat/entity/E39PCGTgkVJYQ6Vf7h674c86cd$4https://id.oclc.org/worldcat/ontology/hasWork
=776  18$iPrint version:$aSvensson, Patrik.$tBig Digital Humanities.$dAnn Arbor : University of Michigan Press, [2016]$z9780472053063$w(DLC)  2016018674
=710  2\$aProject Muse.$edistributor
=830  \0$aDigital humanities (Ann Arbor, Mich.)
=830  \0$aDigital culture books.
=830  \0$aBook collections on Project MUSE.
=856  40$zFull text available: $uhttps://muse.jhu.edu/book/52252/
=945  \\$aProject MUSE - 2016 Complete Supplement
=945  \\$aProject MUSE - 2016 Higher Education Supplement

