=LDR  02431cam a22005294a 4500
=001  musev2_52261
=003  MdBmJHUP
=005  20241011133334.0
=006  m\\\\\o\\d\\\\\\\\
=007  cr||||||||nn|n
=008  150527s2015\\\\miu\\\\\o\\\\\\00\0\eng\d
=010  \\$z  2020706715
=020  \\$a9780472900190
=020  \\$z9780472120963
=020  \\$z9780472036158
=035  \\$a(OCoLC)1017611674
=040  \\$aMdBmJHUP$cMdBmJHUP
=100  1\$aDerby, Matthew,$d1973-$eauthor.
=240  10$aShort stories.$kSelections
=245  10$aFull Metal Jhacket / $cMatthew Derby.
=264  \1$aAnn Arbor :$bUniversity of Michigan Press,$c[2015]
=264  \3$aBaltimore, Md. :$bProject MUSE, $c2018
=264  \4$c&copy;[2015]
=300  \\$a1 online resource (155 pages).
=336  \\$atext$btxt$2rdacontent
=337  \\$acomputer$bc$2rdamedia
=338  \\$aonline resource$bcr$2rdacarrier
=490  0\$a21st century prose
=505  00$tJanuary in December --$tDokken --$tThe snipe --$tFull metal jhacket --$tThe past, uncorrected --$tThirty years of prosperity for every fifteen years of hard work --$tYeti --$tHow the rebels took Port Harcourt --$tHeightmap of her countenance --$tKraftmark --$tWalden Gallaria prayer.
=506  0\$aOpen Access$fUnrestricted online access$2star
=520  \\$aFollowing his celebrated debut collection Super Flat Times, Matthew Derby delivers a disturbing new set of stories that plunges us into a lonely heartland of misfits, outcasts, and would-be assassins who lurk in the shadows, searching for connection and meaning in all the wrong places.
=588  \\$aDescription based on print version record.
=650  \7$aShort stories, American.$2fast$0(OCoLC)fst01117064
=650  \7$aFICTION$xGeneral.$2bisacsh
=650  \6$aNouvelles americaines$y21e siecle.
=650  \0$aShort stories, American$y21st century.
=655  \7$aNouvelles.$2rvmgf
=655  \7$aShort stories.$2lcgft
=655  \7$aShort stories.$2fast$0(OCoLC)fst01726740
=655  \7$ashort stories.$2aat
=655  \7$aElectronic books. $2local
=700  12$aDerby, Matthew,$d1973-$tJanuary in December.
=710  2\$aProject Muse.$edistributor
=830  \0$aBook collections on Project MUSE.
=856  40$zFull text available: $uhttps://muse.jhu.edu/book/52261/
=945  \\$aProject MUSE - Archive Complete Supplement VI
=945  \\$aProject MUSE - Archive Poetry, Fiction and Creative Non-Fiction Supplement VI

