=LDR  04284cam a22008534a 4500
=001  musev2_52267
=003  MdBmJHUP
=005  20241011133338.0
=006  m\\\\\o\\d\\\\\\\\
=007  cr||||||||nn|n
=008  181005s2015\\\\miu\\\\\o\\\\\\00\0\eng\d
=010  \\$z  2014032712
=020  \\$a9780472900138
=020  \\$z9780472120932
=020  \\$z9780472072545
=020  \\$z9780472052547
=035  \\$a(OCoLC)1017612904
=040  \\$aMdBmJHUP$cMdBmJHUP
=100  1\$aKlein, Julie Thompson,$eauthor.
=245  10$aInterdisciplining Digital Humanities : $bBoundary Work in an Emerging Field / $cJulie Thompson Klein.
=264  \1$aAnn Arbor :$bUniversity of Michigan Press,$c[2015]
=264  \3$aBaltimore, Md. :$bProject MUSE, $c2018
=264  \4$c©[2015]
=300  \\$a1 online resource (218 pages): $billustrations
=336  \\$atext$btxt$2rdacontent
=337  \\$acomputer$bc$2rdamedia
=338  \\$aonline resource$bcr$2rdacarrier
=490  0\$aDigital humanities
=505  0\$aIntroduction: Emerging -- Interdisciplining -- Defining -- Institutionalizing -- Professionalizing -- Educating -- Collaborating and rewarding -- Resourcing (by Andy Engel).
=506  0\$aOpen Access$fUnrestricted online access$2star
=520  \\$aInterdisciplining Digital Humanities sorts through definitions and patterns of practice over roughly sixty-five years of work, providing an overview for specialists and a general audience alike. It is the only book that tests the widespread claim that Digital Humanities is interdisciplinary. By examining the boundary work of constructing, expanding, and sustaining a new field, it depicts both the ways this new field is being situated within individual domains and dynamic cross-fertilizations that are fostering new relationships across academic boundaries. It also accounts for digital reinvigorations of public humanities in cultural heritage institutions of museums, archives, libraries, and community forums.--$cProvided by Publisher.
=588  \\$aDescription based on print version record.
=650  \7$aDigitala medier.$2sao
=650  \7$aTvärvetenskaplig forskning.$2sao
=650  \7$aHumaniora$xmetodik.$2sao
=650  \7$aHumaniora$xforskning.$2sao
=650  \7$aInterdisziplinarität$2gnd
=650  \7$aDigital Humanities$2gnd
=650  \7$aInterdisciplinary research.$2fast$0(OCoLC)fst00976131
=650  \7$aInterdisciplinary approach to knowledge.$2fast$0(OCoLC)fst00976129
=650  \7$aInterdisciplinary approach in education.$2fast$0(OCoLC)fst00976122
=650  \7$aInformation storage and retrieval systems$xHumanities.$2fast$0(OCoLC)fst00972900
=650  \7$aHumanities$xStudy and teaching (Higher)$2fast$0(OCoLC)fst00963641
=650  \7$aHumanities$xResearch.$2fast$0(OCoLC)fst00963621
=650  \7$aHumanities$xMethodology.$2fast$0(OCoLC)fst00963614
=650  \7$aDigital humanities.$2fast$0(OCoLC)fst00963599
=650  \7$aDigital media.$2fast$0(OCoLC)fst00893716
=650  \7$aDigital communications.$2fast$0(OCoLC)fst00893634
=650  \7$aEDUCATION$xGeneral.$2bisacsh
=650  \7$aHigher & further education, tertiary education.$2bicssc
=650  \7$aEducation.$2bicssc
=650  \7$adigital humanities.$2aat
=650  \6$aTransmission numerique.
=650  \6$aMedias numeriques.
=650  \6$aInterdisciplinarite en education.
=650  \6$aRecherche interdisciplinaire.
=650  \6$aInterdisciplinarite.
=650  \6$aSciences humaines numeriques.
=650  \0$aInformation storage and retrieval systems$xHumanities.
=650  \0$aDigital communications.
=650  \0$aDigital media.
=650  \0$aInterdisciplinary approach in education.
=650  \0$aInterdisciplinary research.
=650  \0$aInterdisciplinary approach to knowledge.
=650  \0$aHumanities$xStudy and teaching (Higher)
=650  \0$aHumanities$xResearch.
=650  \0$aHumanities$xMethodology.
=650  \0$aDigital humanities.
=655  \7$aElectronic books. $2local
=710  2\$aProject Muse.$edistributor
=830  \0$aBook collections on Project MUSE.
=856  40$zFull text available: $uhttps://muse.jhu.edu/book/52267/
=945  \\$aProject MUSE - Archive Complete Supplement VI
=945  \\$aProject MUSE - Archive Higher Education Supplement VI

