=LDR  03834cam a22006854a 4500
=001  musev2_52279
=003  MdBmJHUP
=005  20241011133347.0
=006  m\\\\\o\\d\\\\\\\\
=007  cr||||||||nn|n
=008  150615t20152015miu\\\\\o\\\\\\00\0\eng\d
=010  \\$z  2020707016
=020  \\$a9780472900183
=020  \\$z9780472121038
=020  \\$z9780472036202
=020  \\$z9780472119554
=035  \\$a(OCoLC)1017610587
=040  \\$aMdBmJHUP$cMdBmJHUP
=050  \4$aPS3613.C5794$bA6 2015
=082  0\$a813/.6$223
=100  1\$aMcLeod, Charles,$d1975-$eauthor.
=240  10$aShort stories.$kSelections
=245  10$aSettlers of Unassigned Lands / $cCharles McLeod.
=264  \1$aAnn Arbor :$bUniversity of Michigan Press,$c[2015]
=264  \3$aBaltimore, Md. :$bProject MUSE, $c2018
=264  \4$c&copy;[2015]
=300  \\$a1 online resource (125 pages).
=336  \\$atext$btxt$2rdacontent
=337  \\$acomputer$bc$2rdamedia
=338  \\$aonline resource$bcr$2rdacarrier
=490  0\$aTwenty-first century prose series
=504  \\$aIncludes bibliographical references and index.
=505  00$tHow to start your own midwestern ghost town --$tExit wounds --$tSettlers of unassigned lands --$tThe ledge --$tThe subject of our first issue is art --$tLost cultures of the ancient world --$tRancho Brava.
=506  0\$aOpen Access$fUnrestricted online access$2star
=520  \\$aIn these seven stories spanning the Midwest to California, Charles McLeod brings us characters estranged from their homelands and locked in conflict with their past and present selves. In "How to Start Your Own Midwestern Ghost Town," an unnamed narrator hatches a plan to capitalize on rural decay. A porn star trying to transition to the mainstream does an interview with a German reporter in "The Subject of Our First Issue Is Art." In the title story, a closeted heroin dealer follows a ghostly girl into an Oakland graveyard. And in "Rancho Brava," the conductor of a focus group about corporate salsa keeps getting interrupted by visitors from the Old West. Alternating between the comic, the tragic, and the neurotic-- and often all three at once-- McLeod's second collection transports readers from the American mainstream to the dark edges of cities and the heartland's lost, forgotten towns, into the lives of people trying to decipher if they can escape their pasts, and at what cost
=588  0\$aDescription based on print version record.
=650  \7$aShort stories, American$2fast
=650  \7$aFiction.$2bisacsh
=650  \7$aFiction$xShort Stories (single Author)$2bisacsh
=650  \7$aShort stories.$2bicssc
=650  \6$aNouvelles americaines$y21e siecle.
=650  \0$aShort stories, American$y21st century.
=648  \7$a2000-2099$2fast
=655  \7$aRomans.$2rvmgf
=655  \7$aNouvelles.$2rvmgf
=655  \7$aFiction.$2lcgft
=655  \7$aShort stories.$2lcgft
=655  \7$aFiction$2fast
=655  \7$aShort stories$2fast
=655  \7$ashort stories.$2aat
=655  \7$aElectronic books. $2local
=700  12$aMcLeod, Charles,$d1975-$tHow to start your own midwestern ghost town.
=758  \\$ihas work:$aSelections Short stories (Text)$1https://id.oclc.org/worldcat/entity/E39PCGFHFfJjCRhHQdyDWYdBbm$4https://id.oclc.org/worldcat/ontology/hasWork
=776  18$iPrint version:$aMcLeod, Charles, 1975-$sShort stories. Selections.$tSettlers of unassigned lands$z9780472119554$w(DLC)  2015410926$w(OCoLC)900447069
=710  2\$aProject Muse.$edistributor
=830  \0$aTwenty-first century prose series.
=830  \0$aBook collections on Project MUSE.
=856  40$zFull text available: $uhttps://muse.jhu.edu/book/52279/
=945  \\$aProject MUSE - Archive Complete Supplement VI
=945  \\$aProject MUSE - Archive Poetry, Fiction and Creative Non-Fiction Supplement VI

