=LDR  04936cam a22004934a 4500
=001  musev2_52295
=003  MdBmJHUP
=005  20241011133359.0
=006  m\\\\\o\\d\\\\\\\\
=007  cr||||||||nn|n
=008  200324s2009\\\\xx\\\\\\o\\\\\\00\0\eng\d
=020  \\$a9780472900527
=020  \\$z9780472023141
=020  \\$z9780472033973
=020  \\$z9780472116355
=035  \\$a(OCoLC)1017632701
=040  \\$aMdBmJHUP$cMdBmJHUP
=082  0\$a794.8$qOCoLC$222/eng/20230216
=100  1\$aRossignol, Jim,$eauthor.
=245  10$aThis Gaming Life : $bTravels in Three Cities / $cJim Rossignol.
=264  \1$a[sine loco] :$bUniversity of Michigan Press,$c2009.
=264  \3$aBaltimore, Md. :$bProject MUSE, $c2018
=264  \4$c&copy;2009.
=300  \\$a1 online resource (224 pages).
=336  \\$atext$btxt$2rdacontent
=337  \\$acomputer$bc$2rdamedia
=338  \\$aonline resource$bcr$2rdacarrier
=506  0\$aOpen Access$fUnrestricted online access$2star
=520  \\$a"In May 2000 I was fired from my job as a reporter on a finance newsletter because of an obsession with a video game.It was the best thing that ever happened to me."So begins this story of personal redemption through the unlikely medium of electronic games. Quake, World of Warcraft, Eve Online, and other online games not only offered author Jim Rossignol an excellent escape from the tedium of office life. They also provided him with a diverse global community and a job-as a games journalist.Part personal history, part travel narrative, part philosophical reflection on the meaning of play, This Gaming Life describes Rossignol's encounters in three cities: London, Seoul, and Reykjavik. From his days as a Quake genius in London's increasingly corporate gaming culture; to Korea, where gaming is a high-stakes televised national sport; to Iceland, the home of his ultimate obsession, the idiosyncratic and beguiling Eve Online, Rossignol introduces us to a vivid and largely undocumented world of gaming lives.Torn between unabashed optimism about the future of games and lingering doubts about whether they are just a waste of time, This Gaming Life also raises important questions about this new and vital cultural form. Should we celebrate the "serious" educational, social, and cultural value of games, as academics and journalists are beginning to do? Or do these high-minded justifications simply perpetuate the stereotype of games as a lesser form of fun? In this beautifully written, richly detailed, and inspiring book, Rossignol brings these abstract questions to life, immersing us in a vibrant landscape of gaming experiences."We need more writers like Jim Rossignol, writers who are intimately familiar with gaming, conversant in the latest research surrounding games, and able to write cogently and interestingly about the experience of playing as well as the deeper significance of games." -Chris Baker, Wired"This Gaming Life is a fascinating and eye-opening look into the real human impact of gaming culture. Traveling the globe and drawing anecdotes from many walks of life, Rossignol takes us beyond the media hype and into the lives of real people whose lives have been changed by gaming. The results may surprise you." -Raph Koster, game designer and author of A Theory of Fun for Game Design"Is obsessive video gaming a character flaw? In This Gaming Life, Jim Rossignol answers with an emphatic 'no,' and offers a passionate and engaging defense of what is too often considered a 'bad habit' or 'guilty pleasure.'" -Joshua Davis, author of The Underdog"This is a wonderfully literate look at gaming cultures, which you don't have to be a gamer to enjoy. The Korea section blew my mind." -John Seabrook, New Yorker staff writer and author of Flash of Genius and Other True Stories of Inventiondigitalculturebooks is an imprint of the University of Michigan Press and the Scholarly Publishing Office of the University of Michigan Library dedicated to publishing innovative and accessible work exploring new media and their impact on society, culture, and scholarly communication. Visit the website at www.digitalculture.org.
=588  \\$aDescription based on print version record.
=650  \7$aTravel$2fast
=650  \7$aTravel.$2bisacsh
=650  \7$aSocial Science / Media Studies.$2bisacsh
=650  \7$aGames / Video & Electronic.$2bisacsh
=650  \7$atravel.$2aat
=650  \6$aVoyage.
=650  \0$aTravel.
=655  \7$aElectronic books. $2local
=758  \\$ihas work:$aThis gaming life (Text)$1https://id.oclc.org/worldcat/entity/E39PCXBKtY8TmGWwMqhvxrXQVP$4https://id.oclc.org/worldcat/ontology/hasWork
=710  2\$aProject Muse.$edistributor
=830  \0$aBook collections on Project MUSE.
=856  40$zFull text available: $uhttps://muse.jhu.edu/book/52295/
=945  \\$aProject MUSE - Archive Complete Supplement VI
=945  \\$aProject MUSE - Archive Global Cultural Studies Supplement VI

