=LDR  03580cam a22006014a 4500
=001  musev2_52297
=003  MdBmJHUP
=005  20241011133400.0
=006  m\\\\\o\\d\\\\\\\\
=007  cr||||||||nn|n
=008  170801s2015\\\\xx\\\\\\o\\\\\\00\0\eng\d
=020  \\$a9780472900121
=020  \\$z9780472121359
=020  \\$z9780472052820
=020  \\$z9780472072828
=035  \\$a(OCoLC)1017610844
=040  \\$aMdBmJHUP$cMdBmJHUP
=050  \4$aPN171.O55
=082  0\$a302.23/1
=100  1\$aJack Dougherty and Tennyson O'Donnell, editors.
=245  10$aWeb Writing : $bWhy and How for Liberal Arts Teaching and Learning
=264  \1$a[Erscheinungsort nicht ermittelbar]$bUniversity of Michigan Press,$c2015.
=264  \3$aBaltimore, Md. :$bProject MUSE, $c2018
=264  \4$c©2015.
=300  \\$a1 online resource (274 pages).
=336  \\$atext$btxt$2rdacontent
=337  \\$acomputer$bc$2rdamedia
=338  \\$aonline resource$bcr$2rdacarrier
=506  0\$aOpen Access$fUnrestricted online access$2star
=520  0\$aThe essays in Web Writing respond to contemporary debates over the proper role of the Internet in higher education, steering a middle course between polarized attitudes that often dominate the conversation. The authors argue for the wise integration of web tools into what the liberal arts does best: writing across the curriculum. All academic disciplines value clear and compelling prose, whether that prose comes in the shape of a persuasive essay, scientific report, or creative expression. The act of writing visually demonstrates how we think in original and critical ways and in ways that are deeper than those that can be taught or assessed by a computer. Furthermore, learning to write well requires engaged readers who encourage and challenge us to revise our muddled first drafts and craft more distinctive and informed points of view. Indeed, a new generation of web-based tools for authoring, annotating, editing, and publishing can dramatically enrich the writing process, but doing so requires liberal arts educators to rethink why and how we teach this skill, and to question those who blindly call for embracing or rejecting technology.
=588  \\$aDescription based on print version record.
=650  \7$aScholarly electronic publishing.$2fast$0(OCoLC)fst01106853
=650  \7$aOnline authorship.$2fast$0(OCoLC)fst01748390
=650  \7$aInternet publishing.$2fast$0(OCoLC)fst00977283
=650  \7$aEducation, Humanistic.$2fast$0(OCoLC)fst00903134
=650  \6$aInternet$xArt d'ecrire$xÉtude et enseignement.
=650  \6$aInternet$xArt d'ecrire.
=650  \6$aÉducation humaniste$zÉtats-Unis.
=650  \6$aÉdition electronique savante.
=650  \6$aÉdition sur Internet.
=650  \0$aOnline authorship$xStudy and teaching.
=650  \0$aOnline authorship.
=650  \0$aEducation, Humanistic$zUnited States.
=650  \0$aScholarly electronic publishing.
=650  \0$aInternet publishing.
=651  \7$aUnited States.$2fast$0(OCoLC)fst01204155$1https://id.oclc.org/worldcat/entity/E39PBJtxgQXMWqmjMjjwXRHgrq
=655  \7$aElectronic books. $2local
=758  \\$aWeb writing (Text)$1https://id.oclc.org/worldcat/entity/E39PCFHfRVj6PCTDDQ99WRM8fq$4https://id.oclc.org/worldcat/ontology/hasWork
=710  2\$aProject Muse.$edistributor
=830  \0$aBook collections on Project MUSE.
=856  40$zFull text available: $uhttps://muse.jhu.edu/book/52297/
=945  \\$aProject MUSE - Archive Complete Supplement VI
=945  \\$aProject MUSE - Archive Higher Education Supplement VI

