=LDR  05724cam a22006494a 4500
=001  musev2_55730
=003  MdBmJHUP
=005  20241011135131.0
=006  m\\\\\o\\d\\\\\\\\
=007  cr||||||||nn|n
=008  171110s2018\\\\nyu\\\\\o\\\\\\00\0\eng\d
=020  \\$a9780823277827
=020  \\$z0823277828
=020  \\$z9780823277803
=035  \\$a(OCoLC)1014397980
=040  \\$aMdBmJHUP$cMdBmJHUP
=100  1\$aPeterson, Christopher,$eauthor.
=245  10$aMonkey Trouble : $bThe Scandal of Posthumanism / $cChristopher Peterson.
=264  \1$aNew York :$bFordham University Press,$c2018.
=264  \3$aBaltimore, Md. :$bProject MUSE, $c2018
=264  \4$c©2018.
=300  \\$a1 online resource (176 pages).
=336  \\$atext$btxt$2rdacontent
=337  \\$acomputer$bc$2rdamedia
=338  \\$aonline resource$bcr$2rdacarrier
=505  0\$aThe scandal of the human: immanent transcendency and the question of animal language -- Sovereign silence: the desire for answering speech -- The gravity of melancholia: a critique of speculative realism -- Listing toward cosmocracy: the limits of hospitality.
=506  0\$aOpen Access$fUnrestricted online access$2star
=520  \\$6880-01$a"According to scholars of the nonhuman turn, the scandal of theory lies in its failure to decenter the human. The real scandal, however, is that we keep trying. The human has become a conspicuous blind spot for many theorists seeking to extend hospitality to animals, plants, and even insentient things. The displacement of the human is essential and urgent, yet given the humanist presumption that animals lack a number of allegedly unique human capacities, such as language, reason, and awareness of mortality, we ought to remain cautious about laying claim to any power to eradicate anthropocentrism altogether. Such a power risks becoming yet another self-accredited capacity thanks to which the human reaffirms its sovereignty through its supposed erasure. Monkey Trouble argues that the turn toward immanence in contemporary posthumanism promotes a cosmocracy that absolves one from engaging in those discriminatory decisions that condition hospitality as such. Engaging with recent theoretical developments in speculative realism and object-oriented ontology, as well as ape and parrot language studies, the book offers close readings of literary works by J.M. Coetzee, Charles Chesnutt, and Walt Whitman and films by Alfonso Cuarón and Lars von Trier. Anthropocentrism, Peterson argues, cannot be displaced through a logic of reversal that elevates immanence above transcendence, horizontality over verticality. This decentering must cultivate instead a human/nonhuman relationality that affirms the immanent transcendency spawned by our phantasmatic humanness."--$cProvided by publisher.
=588  \\$aDescription based on print version record.
=650  \7$aHuman-animal relationships.$2fast$0(OCoLC)fst00963482
=650  \7$aHuman beings.$2fast$0(OCoLC)fst00962832
=650  \7$aHumanism.$2fast$0(OCoLC)fst00963520
=650  \7$aHumanism$xPhilosophy.$2fast$0(OCoLC)fst00963523
=650  \7$aNature and civilization.$2fast$0(OCoLC)fst01034617
=650  \7$aPhilosophical anthropology.$2fast$0(OCoLC)fst01060766
=650  \7$ahumanism.$2aat
=650  \7$aHomo sapiens (species)$2aat
=650  \7$aphilosophical anthropology.$2aat
=650  \6$aNature et civilisation.
=650  \6$aRelations homme-animal.
=650  \6$aHumanisme.
=650  \6$aHomme.
=650  \6$aAnthropologie philosophique.
=650  \6$aHumanisme$xPhilosophie.
=650  \0$aNature and civilization.
=650  \0$aHuman-animal relationships.
=650  \0$aHumanism.
=650  \0$aHuman beings.
=650  \0$aPhilosophical anthropology.
=650  \0$aHumanism$xPhilosophy.
=655  \7$aElectronic books. $2local
=710  2\$aProject Muse.$edistributor
=830  \0$aBook collections on Project MUSE.
=880  \\$6520-01/(Q$a"According to scholars of the nonhuman turn, the scandal of theory lies in its failure to decenter the human. The real scandal, however, is that we keep trying. The human has become a conspicuous blind spot for many theorists seeking to extend hospitality to animals, plants, and even insentient things. The displacement of the human is essential and urgent, yet given the humanist presumption that animals lack a number of allegedly unique human capacities, such as language, reason, and awareness of mortality, we ought to remain cautious about laying claim to any power to eradicate anthropocentrism altogether. Such a power risks becoming yet another self-accredited capacity thanks to which the human reaffirms its sovereignty through its supposed erasure. Monkey Trouble argues that the turn toward immanence in contemporary posthumanism promotes a cosmocracy that absolves one from engaging in those discriminatory decisions that condition hospitality as such. Engaging with recent theoretical developments in speculative realism and object-oriented ontology, as well as ape and parrot language studies, the book offers close readings of literary works by J.M. Coetzee, Charles Chesnutt, and Walt Whitman and films by Alfonso Cuaro⁺ѓn and Lars von Trier. Anthropocentrism, Peterson argues, cannot be displaced through a logic of reversal that elevates immanence above transcendence, horizontality over verticality. This decentering must cultivate instead a human/nonhuman relationality that affirms the immanent transcendency spawned by our phantasmatic humanness."--$cProvided by publisher
=856  40$zFull text available: $uhttps://muse.jhu.edu/book/55730/
=945  \\$aProject MUSE - 2018 Complete
=945  \\$aProject MUSE - 2018 Philosophy and Religion

