=LDR  02688cam a22005534a 4500
=001  musev2_55742
=003  MdBmJHUP
=005  20241011135138.0
=006  m\\\\\o\\d\\\\\\\\
=007  cr||||||||nn|n
=008  170712s2018\\\\nyu\\\\\o\\\\\\00\0\eng\d
=010  \\$z  2019667952
=020  \\$a9780823277865
=020  \\$z9780823277841
=020  \\$z0823277860
=035  \\$a(OCoLC)1017612104
=040  \\$aMdBmJHUP$cMdBmJHUP
=100  1\$aCrockett, Clayton,$d1969-$eauthor.
=245  10$aDerrida after the End of Writing : $bPolitical Theology and New Materialism / $cClayton Crockett.
=250  \\$aFirst edition.
=264  \1$aNew York, NY :$bFordham University Press,$c2018.
=264  \3$aBaltimore, Md. :$bProject MUSE, $c2018
=264  \4$c&copy;2018.
=300  \\$a1 online resource (192 pages).
=336  \\$atext$btxt$2rdacontent
=337  \\$acomputer$bc$2rdamedia
=338  \\$aonline resource$bcr$2rdacarrier
=490  0\$aPerspectives in Continental Philosophy
=505  0\$aDerrida and the new materialism -- Reading Derrida reading religion -- Surviving Christianity -- Political theology without sovereignty -- Interrupting Heidegger with a ram: Derrida's reading of Celan -- Derrida, Lacan, and object-oriented ontology: philosophy of religion at the end of the world -- Radical theology and the event: Caputo's Derridean gospel -- Deconstructive plasticity: Malabou's biological materialism -- Quantum Derrida: Barad's hauntological materialism -- The sins of the fathers, a love letter.
=506  0\$aOpen Access$fUnrestricted online access$2star
=520  \\$aThis book offers a new materialist interpretation of Derrida's later work, including his engagements with religion and politics. It argues that there is a shift from a context or background motor scheme of writing to what Derrida calls the machinic, and Catherine Malabou calls plasticity.
=546  \\$aIn English.
=588  \\$aDescription based on print version record.
=600  17$aDerrida, Jacques.$2fast$0(OCoLC)fst00041147
=600  11$aDerrida, Jacques.
=600  10$aDerrida, Jacques.
=650  \7$aReligion.$2fast$0(OCoLC)fst01093763
=650  \7$aPolitical science$xPhilosophy.$2fast$0(OCoLC)fst01069819
=650  \7$areligion (discipline)$2aat
=650  \6$aReligion.
=650  \2$aReligion
=650  \0$aReligion.
=650  \0$aPolitical science$xPhilosophy.
=655  \7$aElectronic books. $2local
=710  2\$aProject Muse.$edistributor
=830  \0$aBook collections on Project MUSE.
=856  40$zFull text available: $uhttps://muse.jhu.edu/book/55742/
=945  \\$aProject MUSE - 2018 Complete
=945  \\$aProject MUSE - 2018 Philosophy and Religion

