=LDR  03330cam a22006854a 4500
=001  musev2_56385
=003  MdBmJHUP
=005  20241011135841.0
=006  m\\\\\o\\d\\\\\\\\
=007  cr||||||||nn|n
=008  170509s2017\\\\nyu\\\\\o\\\\\\00\0\eng\d
=010  \\$z  2017022708
=020  \\$a9781501713989
=020  \\$z9781501713477
=020  \\$z9781501713972
=020  \\$z9781501713460
=035  \\$a(OCoLC)986788839
=040  \\$aMdBmJHUP$cMdBmJHUP
=100  1\$aHalliburton, Murphy,$d1964-$eauthor.
=245  10$aIndia and the Patent Wars : $bPharmaceuticals in the New Intellectual Property Regime / $cMurphy Halliburton.
=264  \1$aIthaca :$bILR Press, an imprint of Cornell University Press,$c2017.
=264  \3$aBaltimore, Md. :$bProject MUSE, $c2018
=264  \4$c©2017.
=300  \\$a1 online resource (202 pages).
=336  \\$atext$btxt$2rdacontent
=337  \\$acomputer$bc$2rdamedia
=338  \\$aonline resource$bcr$2rdacarrier
=490  0\$aThe culture and politics of health care work
=505  0\$aThe invention and expansion of intellectual property -- The new patent regime : the activists and their allies -- Ayurvedic dilemmas : innovation, ownership and resistance -- The Gilead model and the perspective of "big pharma" -- The view from Hyderabad : the "Indian" pharmaceutical industry and the new patent regime.
=506  0\$aOpen Access$fUnrestricted online access$2star
=520  \\$aIndia and the Patent Wars contributes to an international debate over the costs of medicine and restrictions on access under stringent patent laws showing how activists and drug companies in low-income countries seize agency and exert influence over ...
=588  \\$aDescription based on print version record.
=650  \7$aPharmaceutical industry.$2fast$0(OCoLC)fst01060129
=650  \7$aPatents (International law)$2fast$0(OCoLC)fst01054890
=650  \7$aPatent laws and legislation.$2fast$0(OCoLC)fst01054823
=650  \7$aIntellectual property.$2fast$0(OCoLC)fst00975774
=650  \7$aDrugs$xPatents.$2fast$0(OCoLC)fst00898859
=650  \7$aBUSINESS & ECONOMICS$xIndustries$xPharmaceutical & Biotechnology.$2bisacsh
=650  \7$aSOCIAL SCIENCE$xAnthropology$xCultural.$2bisacsh
=650  \7$aLAW$xAdministrative Law & Regulatory Practice.$2bisacsh
=650  \6$aBrevets d'invention (Droit international)
=650  \6$aPropriete intellectuelle$zInde.
=650  \6$aĀyurveda$xAspect economique$zInde.
=650  \6$aIndustrie pharmaceutique$zInde.
=650  \6$aMedicaments$zInde$xBrevets d'invention.
=650  \0$aPatents (International law)
=650  \0$aIntellectual property$zIndia.
=650  \0$aMedicine, Ayurvedic$xEconomic aspects$zIndia.
=650  \0$aPharmaceutical industry$zIndia.
=650  \0$aPatent laws and legislation$zIndia.
=650  \0$aDrugs$zIndia$xPatents.
=651  \7$aIndia.$2fast$0(OCoLC)fst01210276
=655  \7$aPatents.$2fast$0(OCoLC)fst01423842
=655  \7$aElectronic books. $2local
=710  2\$aProject Muse.$edistributor
=830  \0$aBook collections on Project MUSE.
=856  40$zFull text available: $uhttps://muse.jhu.edu/book/56385/
=945  \\$aProject MUSE - 2018 Complete
=945  \\$aProject MUSE - 2018 Asian and Pacific Studies
=945  \\$aProject MUSE - 2018 Public Health and Health Policy

