=LDR  06515cam a22006494a 4500
=001  musev2_56612
=003  MdBmJHUP
=005  20241011140056.0
=006  m\\\\\o\\d\\\\\\\\
=007  cr||||||||nn|n
=008  170802t20172017miu\\\\\o\\\\\\00\0\eng\d
=010  \\$z  2019668021
=020  \\$a9780814343869
=020  \\$z9780814344385
=020  \\$z0814343864
=035  \\$a(OCoLC)1013744055
=040  \\$aMdBmJHUP$cMdBmJHUP
=100  1\$aBaer, Elizabeth Roberts,$eauthor.
=245  14$aThe Genocidal Gaze : $bFrom German Southwest Africa to the Third Reich / $cElizabeth R. Baer.
=264  \1$aDetroit :$bWayne State Uiversity Press,$c[2017]
=264  \3$aBaltimore, Md. :$bProject MUSE, $c2018
=264  \4$c©[2017]
=300  \\$a1 online resource.
=336  \\$atext$btxt$2rdacontent
=337  \\$acomputer$bc$2rdamedia
=338  \\$aonline resource$bcr$2rdacarrier
=500  \\$a"While previous scholars have made ... links between the Herero and Nama genocide and that of the Holocaust, Baer's book is the first to examine literary texts that demonstrate this connection. Texts under consideration include the archive of Nama revolutionary Hendrik Witbooi; a colonial novel by German Gustav Frenssen (1906), in which the genocidal gaze conveyed an acceptance of racial annihilation; and three post-Holocaust texts -- by German Uwe Timm, Ghanaian Ama Ata Aidoo, and installation artist William Kentridge of South Africa -- that critique the genocidal gaze"--Publisher's Web site
=505  0\$aThe African Gaze of Resistance in Hendrik Witbooi and Others -- The Genocidal Gaze in Gustav Frenssen's Peter Moor's Journey to Southwest Africa -- Uwe Timm's Critique of the Genocidal Gaze in Morenga and In My Brother's Shadow -- William Kentridg's Black Box / Chambre Noire: The Gaze on /in Herero Genocide, the Holocaust and Apartheid -- Ama Ata Aidoo's Our Sister Killjoy: The African Gaze of Resistance Today.
=506  0\$aOpen Access$fUnrestricted online access$2star
=520  \\$aThe first genocide of the twentieth century, though not well known, was committed by Germans between 1904-1907 in the country we know today as Namibia, where they exterminated thousands of Herero and Nama people and subjected the surviving indigenous men, women, and children to forced labor. The perception of Africans as subhuman--lacking any kind of civilization, history, or meaningful religion--and the resulting justification for the violence against them is what author Elizabeth R. Baer refers to as the "genocidal gaze," an attitude that was later perpetuated by the Nazis. In The Genocidal Gaze: From German Southwest Africa to the Third Reich, Baer uses the trope of the gaze to trace linkages between the genocide of the Herero and Nama and that of the victims of the Holocaust. Significantly, Baer also considers the African gaze of resistance returned by the indigenous people and their leaders upon the German imperialists. Baer explores the threads of shared ideology in the Herero and Nama genocide and the Holocaust--concepts such as racial hierarchies, lebensraum (living space), rassenschande (racial shame), and endlösung (final solution) that were deployed by German authorities in 1904 and again in the 1930s and 1940s to justify genocide. She also notes the use of shared methodology--concentration camps, death camps, intentional starvation, rape, indiscriminate killing of women and children--in both instances. While previous scholars have made these links between the Herero and Nama genocide and that of the Holocaust, Baer's book is the first to examine literary texts that demonstrate this connection. Texts under consideration include the archive of Nama revolutionary Hendrik Witbooi; a colonial novel by German Gustav Frenssen (1906), in which the genocidal gaze conveyed an acceptance of racial annihilation; and three post-Holocaust texts--by German Uwe Timm, Ghanaian Ama Ata Aidoo, and installation artist William Kentridge of South Africa--that critique the genocidal gaze. Baer posits that writing and reading about the gaze is an act of mediation, a power dynamic that calls those who commit genocide to account for their crimes and discloses their malignant convictions. Careful reading of texts and attention to the narrative deployment of the genocidal gaze--or the resistance to it--establishes discursive similarities in books written both during colonialism and in the post-Holocaust era. The Genocidal Gaze is an original and challenging discussion of such contemporary issues as colonial practices, the Nazi concentration camp state, European and African race relations, definitions of genocide, and postcolonial theory. Moreover, Baer demonstrates the power of literary and artistic works to condone, or even promote, genocide or to soundly condemn it. Her transnational analysis provides the groundwork for future studies of links between imperialism and genocide, links among genocides, and the devastating impact of the genocidal gaze.
=588  \\$aDescription based on print version record.
=650  \7$aPostcolonialism in literature.$2fast$0(OCoLC)fst01073035
=650  \7$aHolocaust, Jewish (1939-1945) in literature.$2fast$0(OCoLC)fst00958923
=650  \7$aGerman colonies.$2fast$0(OCoLC)fst01930853
=650  \7$aGenocide.$2fast$0(OCoLC)fst00940208
=650  \7$aGenocide in literature.$2fast$0(OCoLC)fst00940224
=650  \7$aSOCIAL SCIENCE$xCriminology.$2bisacsh
=650  \6$aPostcolonialisme dans la litterature$xHistoire et critique.
=650  \6$aHolocauste, 1939-1945, dans la litterature$xHistoire et critique.
=650  22$aColonialism$xhistory
=650  12$aHolocaust$xhistory
=650  12$aGenocide$xhistory
=650  \0$aPostcolonialism in literature$xHistory and criticism.
=650  \0$aHolocaust, Jewish (1939-1945), in literature$xHistory and criticism.
=650  \0$aGenocide$zNamibia.
=650  \0$aGenocide in literature$xHistory and criticism.
=651  \7$aNamibia.$2fast$0(OCoLC)fst01204890
=651  \7$aAfrica.$2fast$0(OCoLC)fst01239509
=651  \0$aGermany$xColonies$zAfrica.
=655  \7$aCriticism, interpretation, etc.$2fast$0(OCoLC)fst01411635
=655  \7$aElectronic books. $2local
=710  2\$aProject Muse.$edistributor
=830  \0$aBook collections on Project MUSE.
=856  40$zFull text available: $uhttps://muse.jhu.edu/book/56612/
=945  \\$aProject MUSE - 2018 Complete
=945  \\$aProject MUSE - 2018 Literature
=945  \\$aProject MUSE - 2018 Jewish Studies

