=LDR  03512cam a22006734a 4500
=001  musev2_57236
=003  MdBmJHUP
=005  20241011140819.0
=006  m\\\\\o\\d\\\\\\\\
=007  cr||||||||nn|n
=008  180307s2018\\\\nyu\\\\\o\\\\\\00\0\eng\d
=010  \\$z  2019666884
=020  \\$a9780823278473
=020  \\$z9780823278459
=020  \\$z9780823278442
=035  \\$a(OCoLC)1015878230
=040  \\$aMdBmJHUP$cMdBmJHUP
=043  \\$an-us---
=050  04$aE449
=082  0\$a305.800973/09034$223
=100  1\$aEllis, Cristin,$d1978-$eauthor.$1https://id.oclc.org/worldcat/entity/E39PCjwp7Ww76jqjcVPdx7FQxC
=245  10$aAntebellum Posthuman : $bRace and Materiality in the Mid-Nineteenth Century / $cCristin Ellis.
=250  \\$aFirst edition.
=264  \1$aNew York :$bFordham University Press,$c[2018]
=264  \3$aBaltimore, Md. :$bProject MUSE, $c2018
=264  \4$c©[2018]
=300  \\$a1 online resource (300 pages).
=336  \\$atext$btxt$2rdacontent
=337  \\$acomputer$bc$2rdamedia
=338  \\$aonline resource$bcr$2rdacarrier
=504  \\$aIncludes bibliographical references (pages 173-222) and index.
=505  0\$aIntroduction. Beyond recognition : the problem of antebellum embodiment -- Douglass's animals : racial science and the problem of human equality -- Thoreau's seeds : evolution and the problem of human agency -- Whitman's cosmic body : bioelectricity and the problem of human meaning -- Posthumanism and the problem of social justice : race and materiality in the twenty-first century -- Coda. After romantic posthumanism.
=506  0\$aOpen Access$fUnrestricted online access$2star
=520  \\$a"Antebellum Posthuman exposes the volatility of "the human"--torn between liberalism and empiricism--in the 1850s and traces the emergence of an antislavery materialism in antebellum literature. Placing race at the root of posthumanism's intellectual history, this study also examines the conflict between liberalism and materialism in critical theory today"--$cProvided by publisher.
=542  1\$fThis work is licensed by Knowledge Unlatched under a Creative Commons license$uhttps://creativecommons.org/licenses/by/4.0/legalcode
=588  \\$aDescription based on print version record.
=651  \7$aUnited States$2fast$1https://id.oclc.org/worldcat/entity/E39PBJtxgQXMWqmjMjjwXRHgrq
=651  \6$aÉtats-Unis$xRelations raciales$xHistoire$y19e siecle.
=651  \0$aUnited States$xRace relations$xHistory$y19th century.
=650  \7$aAntislavery movements$2fast
=650  \7$aHumanism$2fast
=650  \7$aSocial justice$2fast
=650  \7$aRace relations$2fast
=650  \7$aRacism$2fast
=650  \7$aPHILOSOPHY$xMovements$xHumanism.$2bisacsh
=650  \6$aHumanisme$zÉtats-Unis$xHistoire$y19e siecle.
=650  \6$aRacisme$zÉtats-Unis$xHistoire$y19e siecle.
=650  \0$aHumanism$zUnited States$xHistory$y19th century.
=650  \0$aRacism$zUnited States$xHistory$y19th century.
=648  \7$a1800-1899$2fast
=655  \7$aHistory$2fast
=655  \7$aElectronic books. $2local
=776  18$iPrint version:$tAntebellum posthuman$dNew York : Fordham University Press, [2018]$z9780823278442$w(DLC)  2017041251
=710  2\$aProject Muse.$edistributor
=830  \0$aBook collections on Project MUSE.
=856  40$zFull text available: $uhttps://muse.jhu.edu/book/57236/
=945  \\$aProject MUSE - 2018 Complete
=945  \\$aProject MUSE - 2018 History
=945  \\$aProject MUSE - 2018 American Studies

