=LDR  03356cam a22005054a 4500
=001  musev2_57843
=003  MdBmJHUP
=005  20241011141534.0
=006  m\\\\\o\\d\\\\\\\\
=007  cr||||||||nn|n
=008  170706s2017\\\\mau\\\\\o\\\\\\00\0\eng\d
=010  \\$z  2020717602
=020  \\$a9780262344098
=020  \\$z9780262037099
=020  \\$z0262344092
=035  \\$a(OCoLC)1024080420
=040  \\$aMdBmJHUP$cMdBmJHUP
=100  1\$aMilosevic, Tijana,$eauthor.
=245  10$aProtecting Children Online? : $bCyberbullying Policies of Social Media Companies / $cTijana Milosevic ; foreword by Sonia Livingstone.
=264  \1$aCambridge, Massachusetts :$bMIT Press,$c[2017]
=264  \3$aBaltimore, Md. :$bProject MUSE, $c2018
=264  \4$c&copy;[2017]
=300  \\$a1 online resource (296 pages).
=336  \\$atext$btxt$2rdacontent
=337  \\$acomputer$bc$2rdamedia
=338  \\$aonline resource$bcr$2rdacarrier
=490  0\$aThe information society series
=505  0\$aCyberbullying, dignity, and children's rights. When cyberbullying ends in suicide -- Can E-stay compromise children's rights? -- Shaping company responsibility : privatized public sphere -- Vagaries of self-regulation. Perils of politics-driven regulation -- Industry self-regulation in the US and in the EU -- Untangling the companies' motives and actions -- The roles of NGO's in search of transparency and effectiveness -- Policy solutions. Strengths and limitations of self-regulation -- Toward a culture of dignity.
=506  0\$aOpen Access$fUnrestricted online access$2star
=520  \\$aThis book investigates regulatory and social pressures that social media companies face in the aftermath of high profile cyberbullying incidents. The author's research evaluates the policies companies develop to protect themselves and users. This includes interviews with NGO and social media company reps in the US and the EU. She triangulates these findings against news, policy reports, evaluations and interviews with e-safety experts. This book raises questions about the legitimacy of expecting companies to balance the tension between free speech and child protection without publicly revealing their decision-making processes. In an environment where e-safety is part of the corporate business model, this book unveils the process through which established social media companies receive less government scrutiny than start-ups. The importance of this research for law and policy argues for an OA edition to ensure the work is widely and globally accessible to scholars and decision makers.
=546  \\$aEnglish.
=588  \\$aDescription based on print version record.
=650  \7$aPSYCHOLOGY$xSocial Psychology.$2bisacsh
=650  \7$aMedia studies.$2bicssc
=650  \6$aReseaux sociaux (Internet)$xAspect moral.
=650  \6$aInternet$xIndustrie$xAspect moral.
=650  \0$aOnline social networks$xMoral and ethical aspects.
=650  \0$aInternet industry$xMoral and ethical aspects.
=650  \0$aCyberbullying$xPrevention.
=655  \7$aElectronic books. $2local
=710  2\$aProject Muse.$edistributor
=830  \0$aBook collections on Project MUSE.
=856  40$zFull text available: $uhttps://muse.jhu.edu/book/57843/
=945  \\$aProject MUSE - 2018 Complete
=945  \\$aProject MUSE - 2018 Political Science and Policy Studies

