=LDR  02040cam a22006134a 4500
=001  musev2_58463
=003  MdBmJHUP
=005  20241011142251.0
=006  m\\\\\o\\d\\\\\\\\
=007  cr||||||||nn|n
=008  100702s1992\\\\nyu\\\\\o\\\\\\00\0\eng\d
=020  \\$a9781501726408
=020  \\$z9781501726385
=020  \\$z9781501726392
=020  \\$z9780801427565
=035  \\$a(OCoLC)1057427496
=040  \\$aMdBmJHUP$cMdBmJHUP
=100  1\$aMehta, Uday Singh.
=245  14$aThe Anxiety of Freedom : $bImagination and Individuality in Locke's Political Thought / $cUday Singh Mehta.
=264  \1$aIthaca, N.Y. :$bCornell University Press,$c1992.
=264  \3$aBaltimore, Md. :$bProject MUSE, $c2018
=264  \4$c&copy;1992.
=300  \\$a1 online resource (200 pages).
=336  \\$atext$btxt$2rdacontent
=337  \\$acomputer$bc$2rdamedia
=338  \\$aonline resource$bcr$2rdacarrier
=490  0\$aContestations
=506  0\$aOpen Access$fUnrestricted online access$2star
=588  \\$aDescription based on print version record.
=600  17$aLocke, John,$d(1632-1704)$2ram
=600  17$aLocke, John,$d1632-1704.$2fast$0(OCoLC)fst00040818
=600  10$aLocke, John,$d1632-1704.
=650  \7$aIndividualite.$2ram
=650  \7$aImagination.$2ram
=650  \7$aLiberte.$2ram
=650  17$aIndividualisme.$2gtt
=650  17$aVrijheid.$2gtt
=650  17$aPolitieke theorie.$2gtt
=650  \7$aLiberty.$2fast$0(OCoLC)fst00997251
=650  \7$aIndividuality.$2fast$0(OCoLC)fst00970343
=650  \7$aImagination.$2fast$0(OCoLC)fst00967585
=650  \7$aAuthority.$2fast$0(OCoLC)fst00821653
=650  \7$afreedom.$2aat
=650  \6$aIndividualite.
=650  \6$aAutorite.
=650  \6$aLiberte.
=650  \0$aIndividuality.
=650  \0$aImagination.
=650  \0$aAuthority.
=650  \0$aLiberty.
=655  \7$aElectronic books. $2local
=710  2\$aProject Muse.$edistributor
=830  \0$aBook collections on Project MUSE.
=856  40$zFull text available: $uhttps://muse.jhu.edu/book/58463/

