=LDR  03680cam a22007214a 4500
=001  musev2_58830
=003  MdBmJHUP
=005  20241011142635.0
=006  m\\\\\o\\d\\\\\\\\
=007  cr||||||||nn|n
=008  180427s2018\\\\pau\\\\\o\\\\\\00\0\eng\d
=010  \\$z  2017045208
=020  \\$a9780271081694
=020  \\$z9780271080055
=035  \\$a(OCoLC)1032612028
=040  \\$aMdBmJHUP$cMdBmJHUP
=100  1\$aBachman, Erik M.,$d1981-$eauthor.
=245  10$aLiterary Obscenities : $bU.S. Case Law and Naturalism after Modernism / $cErik M. Bachman.
=264  \1$aUniversity Park, Pennsylvania :$bThe Pennsylvania State University Press,$c[2018]
=264  \3$aBaltimore, Md. :$bProject MUSE, $c2018
=264  \4$c&copy;[2018]
=300  \\$a1 online resource (208 pages): $billustrations
=336  \\$atext$btxt$2rdacontent
=337  \\$acomputer$bc$2rdamedia
=338  \\$aonline resource$bcr$2rdacarrier
=490  0\$aRefiguring modernism ;$v25
=505  0\$aGetting off the page -- How to misbehave as a behaviorist (if you're Wyndham Lewis) -- Erskine Caldwell, smut, and the paperbacking of obscenity -- Sin, sex, and segregation in Lillian Smith's Silent south.
=506  0\$aOpen Access$fUnrestricted online access$2star
=520  \\$a"Examines U.S. obscenity trials in the early twentieth century and how they framed a wide-ranging debate about the printed word's power to deprave, offend, and shape behavior"--Provided by publisher.
=588  \\$aDescription based on print version record.
=600  17$aSmith, Lillian$q(Lillian Eugenia),$d1897-1966.$2fast$0(OCoLC)fst00004062
=600  17$aLewis, Wyndham,$d1882-1957.$2fast$0(OCoLC)fst00036177
=600  17$aCaldwell, Erskine,$d1903-1987.$2fast$0(OCoLC)fst00029142
=600  11$aLewis, Wyndham,$d1882-1957$xCriticism and interpretation.
=600  11$aCaldwell, Erskine,$d1903-1987$xCriticism and interpretation.
=600  11$aSmith, Lillian$q(Lillian Eugenia),$d1897-1966$xCriticism and interpretation.
=600  10$aSmith, Lillian$q(Lillian Eugenia),$d1897-1966$xCriticism and interpretation.
=600  10$aCaldwell, Erskine,$d1903-1987$xCriticism and interpretation.
=600  10$aLewis, Wyndham,$d1882-1957$xCriticism and interpretation.
=650  \7$aSex in literature.$2fast$0(OCoLC)fst01114464
=650  \7$aPornography in literature.$2fast$0(OCoLC)fst01904318
=650  \7$aObscenity (Law)$2fast$0(OCoLC)fst01042937
=650  \7$aNaturalism in literature.$2fast$0(OCoLC)fst01034541
=650  \7$aLITERARY CRITICISM$xModern$xGeneral.$2bisacsh
=650  \7$aBIOGRAPHY & AUTOBIOGRAPHY$xLiterary.$2bisacsh
=650  \6$aNaturalisme dans la litterature$xHistoire$y20e siecle.
=650  \6$aPornographie dans la litterature$xHistoire$y20e siecle.
=650  \6$aSexualite dans la litterature$xHistoire$y20e siecle.
=650  \0$aNaturalism in literature$xHistory$y20th century.
=650  \0$aObscenity (Law)$zUnited States$xHistory$y20th century.
=650  \0$aPornography in literature$xHistory$y20th century.
=650  \0$aSex in literature$xHistory$y20th century.
=651  \7$aUnited States.$2fast$0(OCoLC)fst01204155
=655  \7$aHistory.$2fast$0(OCoLC)fst01411628
=655  \7$aCriticism, interpretation, etc.$2fast$0(OCoLC)fst01411635
=655  \7$aElectronic books. $2local
=773  0\$tOAPEN (Open Access Publishing in European Networks).$dOAPEN
=773  0\$tBooks at JSTOR: Open Access.$dJSTOR
=710  2\$aProject Muse.$edistributor
=830  \0$aBook collections on Project MUSE.
=856  40$zFull text available: $uhttps://muse.jhu.edu/book/58830/
=945  \\$aProject MUSE - 2018 Complete
=945  \\$aProject MUSE - 2018 Literature

