=LDR  04287cam a22007094a 4500
=001  musev2_59028
=003  MdBmJHUP
=005  20241011142850.0
=006  m\\\\\o\\d\\\\\\\\
=007  cr||||||||nn|n
=008  180110t20182018pau\\\\\o\\\\\\00\0\eng\d
=010  \\$z  2020715188
=020  \\$a9780271081823
=020  \\$z9780271080079
=035  \\$a(OCoLC)1035947418
=040  \\$aMdBmJHUP$cMdBmJHUP
=041  1\$aeng$hfre
=100  1\$aHoffmann, Benjamin,$d1985-$eauthor.
=240  10$6880-01$aAmerique posthume.$lEnglish
=245  10$aPosthumous America : $bLiterary Reinventions of America at the End of the Eighteenth Century / $cBenjamin Hoffmann ; translated by Alan J. Singerman.
=264  \1$aUniversity Park, Pennsylvania :$bThe Pennsylvania State University Press,$c[2018]
=264  \3$aBaltimore, Md. :$bProject MUSE, $c2018
=264  \4$c©[2018]
=300  \\$a1 online resource (256 pages).
=336  \\$atext$btxt$2rdacontent
=337  \\$acomputer$bc$2rdamedia
=338  \\$aonline resource$bcr$2rdacarrier
=505  0\$aIntroduction : new world paradoxes -- Saint-John de Crevecoeur and nostalgia for colonial America -- Lezay-Marnesia and nostalgia for the American golden age -- Chateaubriand and nostalgia for French America -- Conclusion : America, a mobile sign.
=506  0\$aOpen Access$fUnrestricted online access$2star
=520  \\$6880-02$a"An English translation of Benjamin Hoffmann's French monograph L'Amerique posthume. Examines the literary idealization of a lost American past in eighteenth-century French literature"--Provided by publisher.
=588  \\$aDescription based on print version record.
=600  17$aSt. John de Crevecoeur, J. Hector,$d1735-1813.$2fast$0(OCoLC)fst00091434
=600  17$aLezay-Marnezia, Claude-François-Adrien,$cmarquis de,$d1735-1800.$2fast$0(OCoLC)fst00283631
=600  17$aChateaubriand, François-Rene,$cvicomte de,$d1768-1848.$2fast$0(OCoLC)fst00052649
=600  11$aSt. John de Crevecoeur, J. Hector,$d1735-1813$xCriticism and interpretation.
=600  11$aLezay-Marnezia, Claude-François-Adrien,$cmarquis de,$d1735-1800$xCriticism and interpretation.
=600  11$aChateaubriand, François-Rene,$cvicomte de,$d1768-1848$xCriticism and interpretation.
=600  10$6880-03$aSt. John de Crevecoeur, J. Hector,$d1735-1813$xCriticism and interpretation.
=600  10$aLezay-Marnezia, Claude-François-Adrien,$cmarquis de,$d1735-1800$xCriticism and interpretation.
=600  10$aChateaubriand, François-Rene,$cvicomte de,$d1768-1848$xCriticism and interpretation.
=650  \7$aTravelers' writings, French.$2fast$0(OCoLC)fst01155743
=650  \7$aLITERARY CRITICISM$xModern$xGeneral.$2bisacsh
=650  \7$aLITERARY CRITICISM$xEuropean$xFrench.$2bisacsh
=650  \6$aÉcrits de voyageurs français$xHistoire et critique.
=650  \0$aTravelers' writings, French$xHistory and criticism.
=651  \7$aUnited States.$2fast$0(OCoLC)fst01204155
=651  \0$aUnited States$xDescription and travel$xEarly works to 1800.
=655  \7$aRecits de voyages.$2rvmgf
=655  \7$aTravel writing.$2lcgft
=655  \7$aCriticism, interpretation, etc.$2fast$0(OCoLC)fst01411635
=655  \7$aTravel writing.$2fast$0(OCoLC)fst01919983
=655  \7$aElectronic books. $2local
=700  1\$aSingerman, Alan J.,$etranslator.
=710  2\$aProject Muse.$edistributor
=830  \0$aBook collections on Project MUSE.
=880  10$6600-03/(Q$aSt. John de Cre⁺ђvecoeur, J. Hector,$d1735-1813.$2fast$0(OCoLC)fst00091434
=880  \\$6520-02/(Q$a"An English translation of Benjamin Hoffmann's French monograph L'Ame⁺ѓrique posthume. Examines the literary idealization of a lost American past in eighteenth-century French literature"--Provided by publisher
=880  0\$6505-00/(Q$aIntroduction : new world paradoxes -- Saint-John de Cre⁺ђvecأur and nostalgia for colonial America -- Lezay-Marne⁺ѓsia and nostalgia for the American golden age -- Chateaubriand and nostalgia for French America -- Conclusion : America, a mobile sign.
=880  10$6240-01/(Q$aAme⁺ѓrique posthume.$lEnglish
=856  40$zFull text available: $uhttps://muse.jhu.edu/book/59028/
=945  \\$aProject MUSE - 2018 Complete
=945  \\$aProject MUSE - 2018 Literature

