=LDR  03606cam a22005294a 4500
=001  musev2_59018
=003  MdBmJHUP
=005  20241011142844.0
=006  m\\\\\o\\d\\\\\\\\
=007  cr||||||||nn|n
=008  180601s2018\\\\miu\\\\\o\\\\\\00\0\eng\d
=020  \\$a9780472900831
=020  \\$z9780472123926
=020  \\$z9780472130856
=035  \\$a(OCoLC)1036777096
=040  \\$aMdBmJHUP$cMdBmJHUP
=043  \\$au-at---
=050  \4$aPN5517.F45$bB648 2018
=100  1\$aBode, Katherine,$eauthor.
=245  12$aA World of Fiction : $bDigital Collections and the Future of Literary History / $cKatherine Bode.
=264  \1$aBaltimore, Maryland :$bProject Muse,$c2018
=264  \3$aBaltimore, Md. :$bProject MUSE, $c2018
=264  \4$c&copy;2018
=300  \\$a1 online resource (260 pages): $billustrations.
=336  \\$atext$btxt$2rdacontent
=337  \\$acomputer$bc$2rdamedia
=338  \\$aonline resource$bcr$2rdacarrier
=490  0\$aDigital humanities
=500  \\$aIssued as part of book collections on Project MUSE.
=504  \\$aIncludes bibliographical references (pages 229-243) and index.
=505  0\$aAbstraction, singularity, textuality: the equivalence of "close" and "distant" reading -- Back to the future : a new scholarly object for (data-rich) literary history -- From world to trove to data : tracing a history of transmission -- Into the unknown : literary anonymity and the inscription of reception -- Fictional systems : network analysis and syndication networks -- "Man people woman life" / "Creek sheep cattle horses" : influence, distinction, and literary traditions.
=506  0\$aOpen Access$fUnrestricted online access$2star
=520  \\$aDuring the 19th century, throughout the Anglophone world, most fiction was first published in periodicals. In Australia, newspapers were not only the main source of periodical fiction, but the main source of fiction in general. Because of their importance as fiction publishers, and because they provided Australian readers with access to stories from around the world--from Britain, America and Australia, as well as Austria, Canada, France, Germany, New Zealand, Russia, South Africa, and beyond--Australian newspapers represent an important record of the transnational circulation and reception of fiction in this period. Investigating almost 10,000 works of fiction in the world's largest collection of mass-digitized historical newspapers (the National Library of Australia's Trove database), A World of Fiction reconceptualizes how fiction traveled globally, and was received and understood locally, in the 19th century. Katherine Bode's innovative approach to the new digital collections that are transforming research in the humanities are a model of how digital tools can transform how we understand digital collections and interpret literatures in the past.
=588  \\$aDescription based on print version record.
=650  \0$aInformation storage and retrieval systems$xNewspapers.
=650  \0$aTransmission of texts.
=650  \0$aAustralian newspapers$xHistory$y19th century.
=650  \0$aJournalism and literature$zAustralia$xHistory$y19th century.
=655  \7$aElectronic books. $2local
=710  2\$aProject Muse,$edistributor.
=776  18$iPrint version:$z0472130854$z9780472130856
=710  2\$aProject Muse.$edistributor
=830  \0$aDigital humanities (Ann Arbor, Mich.)
=830  \0$aBook collections on Project MUSE.
=856  40$zFull text available: $uhttps://muse.jhu.edu/book/59018/
=945  \\$aProject MUSE - 2018 Complete
=945  \\$aProject MUSE - 2018 Literature

