=LDR  01745cam a22004574a 4500
=001  musev2_59520
=003  MdBmJHUP
=005  20241011143434.0
=006  m\\\\\o\\d\\\\\\\\
=007  cr||||||||nn|n
=008  190726s2018\\\\mau\\\\\o\\\\\\00\0\eng\d
=020  \\$a9780262345859
=020  \\$z0262345854
=020  \\$z9780262535021
=035  \\$a(OCoLC)1042473242
=040  \\$aMdBmJHUP$cMdBmJHUP
=100  1\$aMavhunga, Clapperton Chakanetsa$d1972-$eHerausgeberIn.$4edt
=245  14$aThe Mobile Workshop : $bThe Tsetse Fly and African Knowledge Production
=264  \1$aCambridge, MA$bMIT Press$c2018
=264  \3$aBaltimore, Md. :$bProject MUSE, $c2018
=264  \4$c&copy;2018
=300  \\$a1 online resource (430 pages).
=336  \\$atext$btxt$2rdacontent
=337  \\$acomputer$bc$2rdamedia
=338  \\$aonline resource$bcr$2rdacarrier
=500  \\$aIncludes bibliographical references and index. - Description based on print version record.
=506  0\$aOpen Access$fUnrestricted online access$2star
=588  \\$aDescription based on print version record.
=650  \4$aTsetse-flies ; Control ; Zimbabwe ; History.
=650  \4$aTsetse-flies ; Control ; Social aspects ; Zimbabwe.
=650  \4$aTsetse-flies ; Ecology.
=650  \4$aTraditional ecological knowledge ; Zimbabwe.
=650  \4$aIndigenous peoples ; Ecology ; Zimbabwe.
=650  \4$aKnowledge management ; Zimbabwe.
=655  \7$aElectronic books. $2local
=710  2\$aProject Muse.$edistributor
=830  \0$aBook collections on Project MUSE.
=856  40$zFull text available: $uhttps://muse.jhu.edu/book/59520/
=945  \\$aProject MUSE - 2018 Complete
=945  \\$aProject MUSE - 2018 History
=945  \\$aProject MUSE - 2018 African Studies

