=LDR  03501cam a22005414a 4500
=001  musev2_59246
=003  MdBmJHUP
=005  20241011143128.0
=006  m\\\\\o\\d\\\\\\\\
=007  cr||||||||nn|n
=008  180629s2018\\\\miu\\\\\o\\\\\\00\0\eng\d
=020  \\$a9780472901081
=020  \\$z9780472123919
=020  \\$z9780472053810
=020  \\$z9780472073818
=020  \\$z9780472004621
=035  \\$a(OCoLC)1041033808
=040  \\$aMdBmJHUP$cMdBmJHUP
=043  \\$ae-uk-en
=050  \4$aPN2590.G36$bB564 2018
=100  1\$aBloom, Gina,$eauthor.
=245  10$aGaming the Stage : $bPlayable Media and the Rise of English Commercial Theater / $cGina Bloom.
=264  \1$aBaltimore, Maryland :$bProject Muse,$c2018
=264  \3$aBaltimore, Md. :$bProject MUSE, $c2018
=264  \4$c&copy;2018
=300  \\$a1 online resource (304 pages): $bcolor illustrations
=336  \\$atext$btxt$2rdacontent
=337  \\$acomputer$bc$2rdamedia
=338  \\$aonline resource$bcr$2rdacarrier
=490  0\$aTheater: theory/text/performance
=500  \\$aIssued as part of book collections on Project MUSE.
=504  \\$aIncludes bibliographical references (pages 245-265) and index.
=505  0\$aGaming history -- Cards : imperfect information and male friendship -- Backgammon : space and scopic dominance -- Chess : performative history and dynastic marriage.
=506  0\$aOpen Access$fUnrestricted online access$2star
=520  \\$aRich connections between gaming and theater stretch back to the 16th and 17th centuries, when England's first commercial theaters appeared right next door to gaming houses and blood-sport arenas. In the first book-length exploration of gaming in the early modern period, Gina Bloom shows that theaters succeeded in London's new entertainment marketplace largely because watching a play and playing a game were similar experiences. Audiences did not just see a play; they were encouraged to play the play, and knowledge of gaming helped them become better theatergoers. Examining dramas written for these theaters alongside evidence of analog games popular then and today, Bloom argues for games as theatrical media and theater as an interactive gaming technology. Gaming the Stage also introduces a new archive for game studies: scenes of onstage gaming, which appear at climactic moments in dramatic literature. Bloom reveals plays to be systems of information for theater spectators: games of withholding, divulging, speculating, and wagering on knowledge. Her book breaks new ground through examinations of plays such as The Tempest, Arden of Faversham, A Woman Killed with Kindness, and A Game at Chess; the histories of familiar games such as cards, backgammon, and chess; less familiar ones, like Game of the Goose; and even a mixed-reality theater videogame.
=588  \\$aDescription based on print version record.
=650  \0$aGames in the theater$zEngland$xHistory.
=650  \0$aTheater$zEngland$xHistory$y17th century.
=650  \0$aTheater$zEngland$xHistory$y16th century.
=655  \7$aElectronic books. $2local
=710  2\$aProject Muse,$edistributor.
=776  18$iPrint version:$z0472073818$z9780472073818
=710  2\$aProject Muse.$edistributor
=830  \0$aTheater--theory/text/performance.
=830  \0$aBook collections on Project MUSE.
=856  40$zFull text available: $uhttps://muse.jhu.edu/book/59246/
=945  \\$aProject MUSE - 2018 Complete
=945  \\$aProject MUSE - 2018 Film, Theater and Performing Arts

