=LDR  03449cam a22007334a 4500
=001  musev2_59674
=003  MdBmJHUP
=005  20241011143619.0
=006  m\\\\\o\\d\\\\\\\\
=007  cr||||||||nn|n
=008  180514s2018\\\\mdu\\\\\o\\\\\\00\0\eng\d
=020  \\$a9781421428772
=020  \\$z9781421425580
=020  \\$z9781421425597
=035  \\$a(OCoLC)1035556715
=040  \\$aMdBmJHUP$cMdBmJHUP
=100  1\$aElbe, Stefan,$d1975-$eauthor.
=245  10$aPandemics, Pills, and Politics : $bGoverning Global Health Security / $cStefan Elbe.
=264  \1$aBaltimore, Maryland :$bJohns Hopkins University Press,$c2018.
=264  \3$aBaltimore, Md. :$bProject MUSE, $c2018
=264  \4$c&copy;2018.
=300  \\$a1 online resource (280 pages).
=336  \\$atext$btxt$2rdacontent
=337  \\$acomputer$bc$2rdamedia
=338  \\$aonline resource$bcr$2rdacarrier
=505  0\$aEncapsulating security : pharmaceutical defenses against biological danger -- Discovering a virus's achilles heel : flu fighting at molecular scale -- The pill always wins: Gilead Sciences, Roche and the birth of Tamiflu -- What a difference a day makes : the margin call for regulatory agencies -- Virtual blockbuster : bird flu and the pandemic of preparedness planning -- In the eye of the storm : global access, generics and intellectual property -- 'Ode to Tamiflu' : side effects, teenage 'suicides' and corporate liabilities -- Data backlash : Roche and Cochrane square up over clinical trial data -- 'To boldly go ... ' : pharmaceutical enterprises and global health security -- Epilogue : pharmaceuticals, security and molecular life.
=506  0\$aOpen Access$fUnrestricted online access$2star
=588  \\$aDescription based on print version record.
=650  \7$aGesundheitspolitik$2gnd
=650  \7$aSicherheitspolitik$2gnd
=650  \7$aGlobal Governance$2gnd
=650  \7$aWorld health.$2fast$0(OCoLC)fst01181338
=650  \7$aScience and state.$2fast$0(OCoLC)fst01108536
=650  \7$aPublic health$xSocial aspects.$2fast$0(OCoLC)fst01082307
=650  \7$aMedical policy.$2fast$0(OCoLC)fst01014505
=650  \7$aInfluenza$xResearch.$2fast$0(OCoLC)fst00972503
=650  \7$aInfluenza$xPrevention.$2fast$0(OCoLC)fst00972502
=650  \7$aDrugs$xResearch.$2fast$0(OCoLC)fst00898894
=650  \7$aTechnology and state.$2fast$0(OCoLC)fst01145265
=650  \7$aPOLITICAL SCIENCE$xPublic Policy$xSocial Services & Welfare.$2bisacsh
=650  \7$aPOLITICAL SCIENCE$xPublic Policy$xSocial Security.$2bisacsh
=650  \7$aMEDICAL$xPublic Health.$2bisacsh
=650  \6$aPolitique scientifique et technique.
=650  \6$aMedicaments$xRecherche.
=650  \6$aPolitique sanitaire.
=650  \6$aSante mondiale.
=650  \6$aSociologie de la sante.
=650  22$aPharmaceutical Research
=650  22$aInfluenza, Human$xdrug therapy
=650  22$aSecurity Measures$xtrends
=650  12$aHealth Policy
=650  12$aGlobal Health
=650  \0$aTechnology and state.
=650  \0$aScience and state.
=650  \0$aDrugs$xResearch.
=650  \0$aInfluenza$xPrevention.
=650  \0$aInfluenza$xResearch.
=650  \0$aMedical policy.
=650  \0$aWorld health.
=650  \0$aPublic health$xSocial aspects.
=655  \7$aElectronic books. $2local
=710  2\$aProject Muse.$edistributor
=830  \0$aBook collections on Project MUSE.
=856  40$zFull text available: $uhttps://muse.jhu.edu/book/59674/

