=LDR  02464cam a22006254a 4500
=001  musev2_59699
=003  MdBmJHUP
=005  20241011143635.0
=006  m\\\\\o\\d\\\\\\\\
=007  cr||||||||nn|n
=008  880908s1989\\\\pau\\\\\o\\\\\\00\0\eng\d
=020  \\$a9781439917824
=020  \\$z1439917825
=035  \\$a(OCoLC)1045608862
=040  \\$aMdBmJHUP$cMdBmJHUP
=100  1\$aGarrison, Dee.
=245  10$aMary Heaton Vorse : $bThe Life of an American Insurgent / $cDee Garrison.
=264  \1$aPhiladelphia :$bTemple University Press,$c1989.
=264  \3$aBaltimore, Md. :$bProject MUSE, $c2018
=264  \4$c©1989.
=300  \\$a1 online resource.
=336  \\$atext$btxt$2rdacontent
=337  \\$acomputer$bc$2rdamedia
=338  \\$aonline resource$bcr$2rdacarrier
=490  0\$aAmerican civilization
=506  0\$aOpen Access$fUnrestricted online access$2star
=588  \\$aDescription based on print version record.
=600  17$aVorse, Mary Heaton,$d1874-1966$2fast$1https://id.oclc.org/worldcat/entity/E39PBJmXMf7ybkyW8hVq6BvJXd
=600  10$aVorse, Mary Heaton,$d1874-1966.
=650  \7$aWorking class$xHistoriography$2fast
=650  \7$aLabor movement$xHistoriography$2fast
=650  \7$aLabor$xHistoriography$2fast
=650  \7$aJournalists$2fast
=650  \7$aFeminists$2fast
=650  \7$aAuthors, American$2fast
=650  \6$aTravailleurs$zÉtats-Unis$xHistoriographie.
=650  \6$aMouvement ouvrier$zÉtats-Unis$xHistoriographie.
=650  \6$aTravail$zÉtats-Unis$xHistoriographie.
=650  \6$aFeministes$zÉtats-Unis$vBiographies.
=650  \6$aJournalistes$zÉtats-Unis$vBiographies.
=650  \6$aÉcrivains americains$y20e siecle$vBiographies.
=650  \0$aWorking class$zUnited States$xHistoriography.
=650  \0$aLabor movement$zUnited States$xHistoriography.
=650  \0$aLabor$zUnited States$xHistoriography.
=650  \0$aFeminists$zUnited States$vBiography.
=650  \0$aJournalists$zUnited States$vBiography.
=650  \0$aAuthors, American$y20th century$vBiography.
=651  \7$aUnited States$2fast$1https://id.oclc.org/worldcat/entity/E39PBJtxgQXMWqmjMjjwXRHgrq
=655  \7$aBiographies.$2rvmgf
=655  \7$aBiographies.$2lcgft
=655  \7$aBiographies$2fast
=655  \7$aElectronic books. $2local
=710  2\$aProject Muse.$edistributor
=830  \0$aBook collections on Project MUSE.
=856  40$zFull text available: $uhttps://muse.jhu.edu/book/59699/

