=LDR  02773cam a22005174a 4500
=001  musev2_59700
=003  MdBmJHUP
=005  20241011143636.0
=006  m\\\\\o\\d\\\\\\\\
=007  cr||||||||nn|n
=008  181003r19831967pau\\\\\o\\\\\\00\0\eng\d
=020  \\$a9781439917848
=020  \\$z1439917841
=035  \\$a(OCoLC)1045627918
=040  \\$aMdBmJHUP$cMdBmJHUP
=245  00$aWorkers' Struggles, Past and Present : $bA "Radical America" Reader / $cedited by James Green.
=264  \1$aPhiladelphia :$bTemple University Press,$c1983.
=264  \3$aBaltimore, Md. :$bProject MUSE, $c2018
=264  \4$c©1983.
=300  \\$a1 online resource.
=336  \\$atext$btxt$2rdacontent
=337  \\$acomputer$bc$2rdamedia
=338  \\$aonline resource$bcr$2rdacarrier
=500  \\$aArticles published in the journal from 1967 to 1982.
=505  0\$aThe demand for black labor: historical notes on the political economy of racism -- Four decades of change: black workers in Southern Textiles, 1941-1981 -- The stop watch and the wooden shoe: scientific management and the industrial workers of the world -- "The clerking sisterhood": rationalization and the work culture of saleswomen in American department stores, 1890-1960 -- Sexual harassment at the workplace: historical notes -- "Union fever"; organizing among clerical workers, 1900-1930 -- Organizing the unemployed: the early years of the Great Depression, 1929-1933 -- The possibility of radicalism in the early 1930s: the case of steel -- A. Philip Randolph and the foundations of black American socialism -- Organizing against sexual harassment -- Defending the no-strike pledge: CIO politics during World War II -- Holding the line: Miners' militancy and the strike of 1978.
=506  0\$aOpen Access$fUnrestricted online access$2star
=588  \\$aDescription based on print version record.
=650  07$aGeschichte (1890-1981)$2swd
=650  \7$aGewerkschaft$2gnd
=650  \7$aArbeiterklasse$2gnd
=650  \7$aWorking class.$2fast$0(OCoLC)fst01180418
=650  \7$aLabor unions.$2fast$0(OCoLC)fst00990260
=650  \7$aHISTORY$xSocial History.$2bisacsh
=650  \6$aTravailleurs$zÉtats-Unis$xHistoire$y20e siecle.
=650  \0$aLabor unions$zUnited States$xHistory$y20th century.
=650  \0$aWorking class$zUnited States$xHistory$y20th century.
=651  \7$aUSA.$2swd
=651  \7$aUSA$2gnd
=651  \7$aUnited States.$2fast$0(OCoLC)fst01204155
=655  \7$aHistory.$2fast$0(OCoLC)fst01411628
=655  \7$aElectronic books. $2local
=700  1\$aGreen, James R.,$d1944-2016.
=730  0\$aRadical America.
=710  2\$aProject Muse.$edistributor
=830  \0$aBook collections on Project MUSE.
=856  40$zFull text available: $uhttps://muse.jhu.edu/book/59700/

