=LDR  02895cam a22006014a 4500
=001  musev2_59701
=003  MdBmJHUP
=005  20241011143637.0
=006  m\\\\\o\\d\\\\\\\\
=007  cr||||||||nn|n
=008  100809s1983\\\\pau\\\\\o\\\\\\00\0\eng\d
=020  \\$a9781439917626
=020  \\$z1439917620
=035  \\$a(OCoLC)1045544532
=040  \\$aMdBmJHUP$cMdBmJHUP
=100  1\$aCross, Gary S.
=245  10$aImmigrant Workers in Industrial France : $bThe Making of a New Laboring Class / $cGary S. Cross.
=264  \1$aPhiladelphia :$bTemple University Press,$c1983.
=264  \3$aBaltimore, Md. :$bProject MUSE, $c2018
=264  \4$c©1983.
=300  \\$a1 online resource.
=336  \\$atext$btxt$2rdacontent
=337  \\$acomputer$bc$2rdamedia
=338  \\$aonline resource$bcr$2rdacarrier
=505  0\$aForeword / Nancy L. Green -- Preface -- Introduction -- State, society, and supplemental labor, 1880-1918 -- Organizing immigration after the First World War -- Farms, mines, and poles -- The Fascist state and Italian emigration -- Foreign labor in a period of growth -- Acceptance without integration : regulating immigrants in the 1920s -- Limits of assimilation -- Regulating the immigrant worker during the Depression -- Conclusion.
=506  0\$aOpen Access$fUnrestricted online access$2star
=588  \\$aDescription based on print version record.
=650  07$aGeschichte (1880-1939)$2swd
=650  \7$aClasse ouvriere$zFrance$y20e siecle.$2ram
=650  \7$aTravailleurs etrangers$zFrance$y20e siecle.$2ram
=650  \7$aMarche du travail$zFrance$y20e siecle.$2ram
=650  \7$aAusländischer Arbeitnehmer$2gnd
=650  \7$aWorking class.$2fast$0(OCoLC)fst01180418
=650  \7$aLabor supply.$2fast$0(OCoLC)fst00990165
=650  \7$aForeign workers.$2fast$0(OCoLC)fst01729099
=650  \7$aEmigration and immigration.$2fast$0(OCoLC)fst00908690
=650  \7$aPOLITICAL SCIENCE$xLabor & Industrial Relations.$2bisacsh
=650  \6$aTravailleurs$zFrance$xHistoire$y20e siecle.
=650  \6$aMarche du travail$zFrance$xHistoire$y20e siecle.
=650  \6$aTravailleurs etrangers$zFrance$xHistoire$y20e siecle.
=650  \0$aWorking class$zFrance$xHistory$y20th century.
=650  \0$aLabor supply$zFrance$xHistory$y20th century.
=650  \0$aForeign workers$zFrance$xHistory$y20th century.
=651  \7$aFrance$xEmigration et immigration$y20e siecle.$2ram
=651  \7$aFrankreich$2gnd
=651  \7$aFrance.$2fast$0(OCoLC)fst01204289
=651  \6$aFrance$xÉmigration et immigration$xHistoire$y20e siecle.
=651  \0$aFrance$xEmigration and immigration$xHistory$y20th century.
=655  \7$aHistory.$2fast$0(OCoLC)fst01411628
=655  \7$aElectronic books. $2local
=710  2\$aProject Muse.$edistributor
=830  \0$aBook collections on Project MUSE.
=856  40$zFull text available: $uhttps://muse.jhu.edu/book/59701/

