=LDR  02130cam a22005054a 4500
=001  musev2_59702
=003  MdBmJHUP
=005  20241011143637.0
=006  m\\\\\o\\d\\\\\\\\
=007  cr||||||||nn|n
=008  100325s1987\\\\pau\\\\\o\\\\\\00\0\eng\d
=020  \\$a9781439917565
=020  \\$z1439917566
=035  \\$a(OCoLC)1045582001
=040  \\$aMdBmJHUP$cMdBmJHUP
=100  1\$aCornford, Daniel A.,$d1947-
=245  10$aWorkers and Dissent in the Redwood Empire / $cDaniel A. Cornford.
=264  \1$aPhiladelphia :$bTemple University Press,$c1987.
=264  \3$aBaltimore, Md. :$bProject MUSE, $c2018
=264  \4$c&copy;1987.
=300  \\$a1 online resource: $bmap
=336  \\$atext$btxt$2rdacontent
=337  \\$acomputer$bc$2rdamedia
=338  \\$aonline resource$bcr$2rdacarrier
=506  0\$aOpen Access$fUnrestricted online access$2star
=588  \\$aDescription based on print version record.
=650  \7$aSocial conditions.$2fast$0(OCoLC)fst01919811
=650  \7$aPolitics and government.$2fast$0(OCoLC)fst01919741
=650  \7$aLumbermen$xLabor unions.$2fast$0(OCoLC)fst01003632
=650  \7$aLumbermen.$2fast$0(OCoLC)fst01003629
=650  \7$aEconomic history.$2fast$0(OCoLC)fst00901974
=650  \7$aHISTORY$zUnited States$xState & Local$xWest (AK, CA, CO, HI, ID, MT, NV, UT, WY)$2bisacsh
=650  \6$aExploitants forestiers$zCalifornie$zHumboldt$xHistoire.
=650  \6$aExploitants forestiers$xSyndicats$zCalifornie$zHumboldt$xHistoire.
=650  \0$aLumbermen$zCalifornia$zHumboldt County$xHistory.
=650  \0$aLumbermen$xLabor unions$zCalifornia$zHumboldt County$xHistory.
=651  \7$aCalifornia$zHumboldt County.$2fast$0(OCoLC)fst01214282
=651  \0$aHumboldt County (Calif.)$xSocial conditions.
=651  \0$aHumboldt County (Calif.)$xEconomic conditions.
=651  \0$aHumboldt County (Calif.)$xPolitics and government.
=655  \7$aHistory.$2fast$0(OCoLC)fst01411628
=655  \7$aElectronic books. $2local
=710  2\$aProject Muse.$edistributor
=830  \0$aBook collections on Project MUSE.
=856  40$zFull text available: $uhttps://muse.jhu.edu/book/59702/

