=LDR  02206cam a22004334a 4500
=001  musev2_59703
=003  MdBmJHUP
=005  20241011143638.0
=006  m\\\\\o\\d\\\\\\\\
=007  cr||||||||nn|n
=008  100325s1980\\\\pau\\\\\o\\\\\\00\0\eng\d
=020  \\$a9781439917947
=020  \\$z1439917949
=035  \\$a(OCoLC)1045619602
=040  \\$aMdBmJHUP$cMdBmJHUP
=100  1\$aLaurie, Bruce.
=245  10$aWorking People of Philadelphia, 1800-1850 / $cBruce Laurie.
=264  \1$aPhiladelphia :$bTemple University Press,$c1980.
=264  \3$aBaltimore, Md. :$bProject MUSE, $c2018
=264  \4$c&copy;1980.
=300  \\$a1 online resource: $bmap
=336  \\$atext$btxt$2rdacontent
=337  \\$acomputer$bc$2rdamedia
=338  \\$aonline resource$bcr$2rdacarrier
=505  0\$aIntroduction -- Part one. The work setting, 1800-1850 -- The sources of industrial diversity -- Part two. The forging of working-class cultures, 1820-1837 -- Revivalists: the militias of Christ -- Traditionalists: "the boys of pleasure" -- Radicals: Thomas Paine's progeny -- "We are all day laborers": the General Trades' Union of the City and County of Philadelphia, 1833-1837 -- Part three. Hard times, 1837-1844 -- "The uses of adversity" -- Part four. Years of discord, 1845-1850 -- Workers at bay -- Varieties of radicalism -- Part five. Epilogue -- Radicalism united and divided.
=506  0\$aOpen Access$fUnrestricted online access$2star
=588  \\$aDescription based on print version record.
=650  \7$aWorking class.$2fast$0(OCoLC)fst01180418
=650  \7$aSocial conditions$2fast$0(OCoLC)fst01919811
=650  \7$aHISTORY$zUnited States$y19th Century.$2bisacsh
=650  \6$aTravailleurs$zPennsylvanie$zPhiladelphie$xHistoire$y19e siecle.
=650  \0$aWorking class$zPennsylvania$zPhiladelphia$xHistory$y19th century.
=651  \7$aPennsylvania$zPhiladelphia.$2fast$0(OCoLC)fst01204170
=651  \0$aPhiladelphia (Pa.)$xSocial conditions.
=655  \7$aHistory.$2fast$0(OCoLC)fst01411628
=655  \7$aElectronic books. $2local
=710  2\$aProject Muse.$edistributor
=830  \0$aBook collections on Project MUSE.
=856  40$zFull text available: $uhttps://muse.jhu.edu/book/59703/

