=LDR  01791cam a22004574a 4500
=001  musev2_59704
=003  MdBmJHUP
=005  20241011143638.0
=006  m\\\\\o\\d\\\\\\\\
=007  cr||||||||nn|n
=008  840815s1985\\\\pau\\\\\o\\\\\\00\0\eng\d
=020  \\$a9781439918005
=020  \\$z1439918007
=020  \\$z9781439918007
=035  \\$a(OCoLC)1045589328
=040  \\$aMdBmJHUP$cMdBmJHUP
=245  00$aAlone in a Crowd : $bWomen in the Trades Tell Their Stories / $c[edited by] Jean Reith Schroedel.
=264  \1$aPhiladelphia :$bTemple University Press,$c1985.
=264  \3$aBaltimore, Md. :$bProject MUSE, $c2018
=264  \4$c©1985.
=300  \\$a1 online resource.
=336  \\$atext$btxt$2rdacontent
=337  \\$acomputer$bc$2rdamedia
=338  \\$aonline resource$bcr$2rdacarrier
=500  \\$aIncludes index.
=506  0\$aOpen Access$fUnrestricted online access$2star
=588  \\$aDescription based on print version record.
=650  \7$aSex discrimination in employment.$2fast$0(OCoLC)fst01114408
=650  \7$aSex discrimination against women.$2fast$0(OCoLC)fst01114376
=650  \7$aHISTORY$xWomen.$2bisacsh
=650  \0$aSex discrimination in employment$zWashington (State)$zSeattle Region$vCase studies.
=650  \0$aSex discrimination against women$zWashington (State)$zSeattle Region$vCase studies.
=651  \7$aWashington (State)$zSeattle Region.$2fast$0(OCoLC)fst01351362
=655  \7$aÉtudes de cas.$2rvmgf
=655  \7$aCase studies.$2lcgft
=655  \7$aCase studies.$2fast$0(OCoLC)fst01423765
=655  \7$aElectronic books. $2local
=700  1\$aSchroedel, Jean Reith.
=710  2\$aProject Muse.$edistributor
=830  \0$aBook collections on Project MUSE.
=856  40$zFull text available: $uhttps://muse.jhu.edu/book/59704/

