=LDR  03331cam a22006614a 4500
=001  musev2_60154
=003  MdBmJHUP
=005  20241011144201.0
=006  m\\\\\o\\d\\\\\\\\
=007  cr||||||||nn|n
=008  071231s2008\\\\mdu\\\\\o\\\\\\00\0\eng\d
=020  \\$a9781421427713
=020  \\$z9781421405148
=020  \\$z9780801884658
=035  \\$a(OCoLC)1046615414
=040  \\$aMdBmJHUP$cMdBmJHUP
=100  1\$aClarsen, Georgine,$d1949-
=245  10$aEat My Dust : $bEarly Women Motorists / $cGeorgine Clarsen.
=264  \1$aBaltimore :$bJohns Hopkins University Press,$c2008.
=264  \3$aBaltimore, Md. :$bProject MUSE, $c2018
=264  \4$c©2008.
=300  \\$a1 online resource (216 pages): $billustrations, maps
=336  \\$atext$btxt$2rdacontent
=337  \\$acomputer$bc$2rdamedia
=338  \\$aonline resource$bcr$2rdacarrier
=505  0\$aMovement in a minor key : dilemmas of the woman motorist -- A war product : the British motoring girl and her garage -- A car made by English ladies for others of their sex : the feminist factory and the lady's car -- Transcontinental travel : the politics of automobile consumption in the United States -- Campaigns on wheels : American automobiles and a suffrage of consumption -- "The woman who does" : a Melbourne women's motor garage -- Driving Australian modernity : conquering Australia by car -- Machines as the measure of women : Cape-to-Cairo by automobile.
=506  0\$aOpen Access$fUnrestricted online access$2star
=588  \\$aDescription based on print version record.
=650  \6$aAutomobiles$xPossession$zAustralie$xHistoire$y20e siecle.
=650  \6$aAutomobiles$xPossession$zGrande-Bretagne$xHistoire$y20e siecle.
=650  \6$aAutomobiles$xPossession$zÉtats-Unis$xHistoire$y20e siecle.
=650  \6$aFemmes automobilistes$xHistoire$y20e siecle.
=650  \6$aConsommatrices$xHistoire$y20e siecle.
=650  \6$aFeminisme$xHistoire$y20e siecle.
=650  \6$aFemmes$xMoeurs et coutumes$y20e siecle.
=650  \6$aAnnees vingt (Vingtieme siecle)
=650  \7$aWomen$xSocial life and customs.$2fast$0(OCoLC)fst01176964
=650  \7$aWomen consumers.$2fast$0(OCoLC)fst01177530
=650  \7$aWomen automobile drivers.$2fast$0(OCoLC)fst01177331
=650  \7$aNineteen twenties.$2fast$0(OCoLC)fst01037835
=650  \7$aFeminism.$2fast$0(OCoLC)fst00922671
=650  \7$aAutomobile ownership.$2fast$0(OCoLC)fst00823090
=650  \0$aAutomobile ownership$zAustralia$xHistory$y20th century.
=650  \0$aAutomobile ownership$zGreat Britain$xHistory$y20th century.
=650  \0$aAutomobile ownership$zUnited States$xHistory$y20th century.
=650  \0$aWomen automobile drivers$xHistory$y20th century.
=650  \0$aWomen consumers$xHistory$y20th century.
=650  \0$aFeminism$xHistory$y20th century.
=650  \0$aWomen$xSocial life and customs$y20th century.
=650  \0$aNineteen twenties.
=651  \7$aUnited States.$2fast$0(OCoLC)fst01204155
=651  \7$aGreat Britain.$2fast$0(OCoLC)fst01204623
=651  \7$aAustralia.$2fast$0(OCoLC)fst01204543
=655  \7$aHistory.$2fast$0(OCoLC)fst01411628
=655  \7$aElectronic books. $2local
=710  2\$aProject Muse.$edistributor
=830  \0$aBook collections on Project MUSE.
=856  40$zFull text available: $uhttps://muse.jhu.edu/book/60154/

