=LDR  03703cam a22007334a 4500
=001  musev2_60155
=003  MdBmJHUP
=005  20241011144201.0
=006  m\\\\\o\\d\\\\\\\\
=007  cr||||||||nn|n
=008  100416s2004\\\\mdu\\\\\o\\\\\\00\0\eng\d
=020  \\$a9781421428031
=020  \\$z9781421401775
=020  \\$z9780801894015
=020  \\$z9780801878756
=035  \\$a(OCoLC)1046615898
=040  \\$aMdBmJHUP$cMdBmJHUP
=100  1\$aBoyd, Anne E.,$d1969-
=245  10$aWriting for Immortality : $bWomen and the Emergence of High Literary Culture in America / $cAnne E. Boyd.
=264  \1$aBaltimore :$bJohns Hopkins University Press,$c2004.
=264  \3$aBaltimore, Md. :$bProject MUSE, $c2018
=264  \4$c©2004.
=300  \\$a1 online resource (326 pages).
=336  \\$atext$btxt$2rdacontent
=337  \\$acomputer$bc$2rdamedia
=338  \\$aonline resource$bcr$2rdacarrier
=500  \\$aOriginally presented as the author's thesis (Ph. D.)--Purdue University.
=505  0\$aSolving the "old riddle of the Sphinx": discovering the self as artist -- "Prov[ing] Avis in the wrong": the lives of women artists -- "The crown and the thorn of gifted life": Imagining the women artist -- "Recognition is the thing": seeking the status of artist.
=506  0\$aOpen Access$fUnrestricted online access$2star
=588  \\$aDescription based on print version record.
=650  \7$aWomen and literature.$2fast$0(OCoLC)fst01177093
=650  \7$aIntellectual life.$2fast$0(OCoLC)fst00975769
=650  \7$aCanon (Literature)$2fast$0(OCoLC)fst00845906
=650  \7$aAmerican literature$xWomen authors.$2fast$0(OCoLC)fst00807271
=650  \7$aAmerican literature.$2fast$0(OCoLC)fst00807113
=650  \6$aChefs-d'oeuvre (Litterature)
=650  \6$aLitterature americaine$y19e siecle$xHistoire et critique.
=650  \6$aFemmes et litterature$zÉtats-Unis$xHistoire$y19e siecle.
=650  \6$aÉcrits de femmes americains$xHistoire et critique.
=650  \0$aCanon (Literature)
=650  \0$aAmerican literature$y19th century$xHistory and criticism.
=650  \0$aWomen and literature$zUnited States$xHistory$y19th century.
=650  \0$aAmerican literature$xWomen authors$xHistory and criticism.
=600  17$aWoolson, Constance Fenimore,$d1840-1894.$2fast$0(OCoLC)fst00016597
=600  17$aStoddard, Elizabeth,$d1823-1902.$2fast$0(OCoLC)fst00124569
=600  17$aPhelps, Elizabeth Stuart,$d1844-1911.$2fast$0(OCoLC)fst00049219
=600  17$aAlcott, Louisa May,$d1832-1888.$2fast$0(OCoLC)fst00043946
=600  11$aAlcott, Louisa May,$d1832-1888$xCriticism and interpretation.
=600  11$aPhelps, Elizabeth Stuart,$d1844-1911$xCriticism and interpretation.
=600  11$aStoddard, Elizabeth,$d1823-1902$xCriticism and interpretation.
=600  11$aWoolson, Constance Fenimore,$d1840-1894$xCriticism and interpretation.
=600  10$aWoolson, Constance Fenimore,$d1840-1894$xCriticism and interpretation.
=600  10$aStoddard, Elizabeth,$d1823-1902$xCriticism and interpretation.
=600  10$aPhelps, Elizabeth Stuart,$d1844-1911$xCriticism and interpretation.
=600  10$aAlcott, Louisa May,$d1832-1888$xCriticism and interpretation.
=651  \7$aUnited States.$2fast$0(OCoLC)fst01204155
=651  \6$aÉtats-Unis$xVie intellectuelle$y1865-1918.
=651  \0$aUnited States$xIntellectual life$y1865-1918.
=655  \7$aHistory.$2fast$0(OCoLC)fst01411628
=655  \7$aCriticism, interpretation, etc.$2fast$0(OCoLC)fst01411635
=655  \7$aElectronic books. $2local
=710  2\$aProject Muse.$edistributor
=830  \0$aBook collections on Project MUSE.
=856  40$zFull text available: $uhttps://muse.jhu.edu/book/60155/

