=LDR  02303cam a22005174a 4500
=001  musev2_60316
=003  MdBmJHUP
=005  20241011144333.0
=006  m\\\\\o\\d\\\\\\\\
=007  cr||||||||nn|n
=008  050211s2005\\\\mdu\\\\\o\\\\\\00\0\eng\d
=020  \\$a9781421429342
=020  \\$z9781421429335
=020  \\$z9780801881848
=020  \\$z9781421439242
=035  \\$a(OCoLC)1048210222
=040  \\$aMdBmJHUP$cMdBmJHUP
=100  1\$aTerpstra, Nicholas.
=245  10$aAbandoned Children of the Italian Renaissance : $bOrphan Care in Florence and Bologna / $cNicholas Terpstra.
=264  \1$aBaltimore :$bJohns Hopkins University Press,$c2005.
=264  \3$aBaltimore, Md. :$bProject MUSE, $c2018
=264  \4$c&copy;2005.
=300  \\$a1 online resource (368 pages): $bill., maps.
=336  \\$atext$btxt$2rdacontent
=337  \\$acomputer$bc$2rdamedia
=338  \\$aonline resource$bcr$2rdacarrier
=505  0\$aDown and out and off the streets: sheltering Renaissance children -- Opening a home -- Entering a home: prescriptions and procedures -- Making a home with girls -- Making a home with boys -- Running a home -- Leaving home -- The politics of Renaissance orphanages.
=506  0\$aOpen Access$fUnrestricted online access$2star
=588  \\$aDescription based on print version record.
=650  \7$aOrphanages.$2fast$0(OCoLC)fst01048423
=650  \6$aOrphelinats$zItalie$zFlorence$xHistoire$y16e siecle.
=650  \6$aOrphelinats$zItalie$zFlorence$xHistoire$y17e siecle.
=650  \6$aOrphelinats$zItalie$zBologne$xHistoire$y16e siecle.
=650  \6$aOrphelinats$zItalie$zBologne$xHistoire$y17e siecle.
=650  \0$aOrphanages$zItaly$zFlorence$xHistory$y16th century.
=650  \0$aOrphanages$zItaly$zFlorence$xHistory$y17th century.
=650  \0$aOrphanages$zItaly$zBologna$xHistory$y16th century.
=650  \0$aOrphanages$zItaly$zBologna$xHistory$y17th century.
=651  \7$aItaly$zFlorence.$2fast$0(OCoLC)fst01204699
=651  \7$aItaly$zBologna.$2fast$0(OCoLC)fst01204551
=655  \7$aHistory.$2fast$0(OCoLC)fst01411628
=655  \7$aElectronic books. $2local
=710  2\$aProject Muse.
=710  2\$aProject Muse.$edistributor
=830  \0$aBook collections on Project MUSE.
=856  40$zFull text available: $uhttps://muse.jhu.edu/book/60316/

