=LDR  02484cam a22005174a 4500
=001  musev2_60317
=003  MdBmJHUP
=005  20241011144334.0
=006  m\\\\\o\\d\\\\\\\\
=007  cr||||||||nn|n
=008  071001s2008\\\\mdu\\\\\o\\\\\\00\0\eng\d
=020  \\$a9781421427775
=020  \\$z9780801888311
=020  \\$z9781421429182
=035  \\$a(OCoLC)1048206601
=040  \\$aMdBmJHUP$cMdBmJHUP
=100  1\$aKrueger, Gretchen Marie.
=245  10$aHope and Suffering : $bChildren, Cancer, and the Paradox of Experimental Medicine / $cGretchen Krueger.
=264  \1$aBaltimore :$bJohns Hopkins University Press,$c2008.
=264  \3$aBaltimore, Md. :$bProject MUSE, $c2018
=264  \4$c&copy;2008.
=300  \\$a1 online resource (232 pages): $bill.
=336  \\$atext$btxt$2rdacontent
=337  \\$acomputer$bc$2rdamedia
=338  \\$aonline resource$bcr$2rdacarrier
=505  0\$a"Glioma babies," families, and cancer in children in the 1930s -- "Cancer, the child killer": Jimmy and the redefinition of a dread disease -- Death be not proud: children, families, and cancer in postwar America -- "Against all odds": chemotherapy and the medical management of acute leukemia in the 1950s -- "Who's afraid of death on the leukemia ward?": remission, relapse, and child death in the 1960s and 1970s -- "The truly cured child": prolonged survival and the late effects of cancer.
=506  0\$aOpen Access$fUnrestricted online access$2star
=588  \\$aDescription based on print version record.
=650  \7$aTumors.$2fast$0(OCoLC)fst01158759
=650  \7$aFamilies.$2fast$0(OCoLC)fst01728849
=650  \7$aCancer in children.$2fast$0(OCoLC)fst00845581
=650  \7$aAntineoplastic agents$xTherapeutic use.$2fast$0(OCoLC)fst00810609
=650  \0$aCancer in children$zUnited States$xHistory.
=650  \0$aNeoplasms$xdrug therapy$zUnited States.
=650  \0$aNeoplasms$xhistory$zUnited States.
=650  \0$aAntineoplastic Agents$xtherapeutic use$zUnited States.
=650  \0$aBiomedical Research$xhistory$zUnited States.
=650  \0$aChild$zUnited States.
=650  \0$aFamily$zUnited States.
=650  \0$aHistory, 20th Century$zUnited States.
=651  \7$aUnited States.$2fast$0(OCoLC)fst01204155
=655  \7$aHistory.$2fast$0(OCoLC)fst01411628
=655  \7$aElectronic books. $2local
=710  2\$aProject Muse.$edistributor
=830  \0$aBook collections on Project MUSE.
=856  40$zFull text available: $uhttps://muse.jhu.edu/book/60317/

