=LDR  01601cam a22003974a 4500
=001  musev2_60318
=003  MdBmJHUP
=005  20241011144334.0
=006  m\\\\\o\\d\\\\\\\\
=007  cr||||||||nn|n
=008  190726s2005\\\\mdu\\\\\o\\\\\\00\0\eng\d
=020  \\$a9781421427669
=020  \\$z9780801881176
=020  \\$z9781421429380
=035  \\$a(OCoLC)1048205426
=040  \\$aMdBmJHUP$cMdBmJHUP
=100  1\$aCrenner, Christopher$d1961-$eVerfasserIn.$4aut
=245  10$aPrivate Practice : $bIn the Early Twentieth-Century Medical Office of Dr. Richard Cabot / $cChristopher Crenner.
=264  \1$aBaltimore$bThe Johns Hopkins University Press$c2005
=264  \3$aBaltimore, Md. :$bProject MUSE, $c2018
=264  \4$c&copy;2005
=300  \\$a1 online resource (320 pages).
=336  \\$atext$btxt$2rdacontent
=337  \\$acomputer$bc$2rdamedia
=338  \\$aonline resource$bcr$2rdacarrier
=500  \\$aIncludes bibliographical references and index. - Description based on print version record.
=506  0\$aOpen Access$fUnrestricted online access$2star
=588  \\$aDescription based on print version record.
=650  \4$aMedicine ; Practice ; United States ; 20th century.
=650  \4$aPhysicians (General practice) ; United States ; History ; 19th century.
=650  \4$aPhysician and patient.
=650  \4$aCabot, Richard C ; (Richard Clarke) ; 1868-1939 ; Career in medicine.
=655  \7$aElectronic books. $2local
=710  2\$aProject Muse.$edistributor
=830  \0$aBook collections on Project MUSE.
=856  40$zFull text available: $uhttps://muse.jhu.edu/book/60318/

