=LDR  02755cam a22005654a 4500
=001  musev2_60319
=003  MdBmJHUP
=005  20241011144335.0
=006  m\\\\\o\\d\\\\\\\\
=007  cr||||||||nn|n
=008  100703s2004\\\\mdu\\\\\o\\\\\\00\0\eng\d
=020  \\$a9781421427683
=020  \\$z9780801879456
=020  \\$z9781421429236
=035  \\$a(OCoLC)1048208536
=040  \\$aMdBmJHUP$cMdBmJHUP
=100  1\$aSwain, Virginia E.,$d1943-
=245  10$aGrotesque Figures : $bBaudelaire, Rousseau, and the Aesthetics of Modernity / $cVirginia E. Swain.
=264  \1$aBaltimore :$bJohns Hopkins University Press,$c2004.
=264  \3$aBaltimore, Md. :$bProject MUSE, $c2018
=264  \4$c&copy;2004.
=300  \\$a1 online resource (288 pages): $billustrations
=336  \\$atext$btxt$2rdacontent
=337  \\$acomputer$bc$2rdamedia
=338  \\$aonline resource$bcr$2rdacarrier
=490  0\$aParallax
=505  0\$a1. Grotesque Figures -- 2. Rococo Rhetoric: Figures of the Past in "Le Poeme du hachisch" -- 3. Identity Politics: "Rousseau" and "France" in the Mid-Nineteenth-Century -- 4. Baudelaire's Physiologie: Rousseau as Caricature and Type in the Prose Poems -- 5. Machines, Monsters, and Men: Realism and the Modern Grotesque -- 6. Socio-Political Implications of the Grotesque: "Opera" and "Les Yeux des Pauvres" -- 7. Rousseau, Trauma and Fetishism: "Le Vieux Saltimbanque."
=506  0\$aOpen Access$fUnrestricted online access$2star
=588  \\$aDescription based on print version record.
=600  17$aRousseau, Jean-Jacques.$2swd
=600  17$aBaudelaire, Charles.$2swd
=600  17$aRousseau, Jean-Jacques,$d1712-1778.$2fast$0(OCoLC)fst00030449
=600  17$aBaudelaire, Charles,$d1821-1867.$2fast$0(OCoLC)fst00031368
=600  16$aRousseau, Jean-Jacques,$d1712-1778$xInfluence.
=600  16$aBaudelaire, Charles,$d1821-1867$xCritique et interpretation.
=600  11$aBaudelaire, Charles,$d1821-1867$xCriticism and interpretation.
=600  11$aRousseau, Jean-Jacques,$d1712-1778$xInfluence.
=600  10$aRousseau, Jean-Jacques,$d1712-1778$xInfluence.
=600  10$aBaudelaire, Charles,$d1821-1867$xCriticism and interpretation.
=650  17$aHet Groteske.$2gtt
=650  \7$aGroteske$gLiteratur$2gnd
=650  \7$aInfluence (Literary, artistic, etc.)$2fast$0(OCoLC)fst00972484
=650  \7$aGrotesque in literature.$2fast$0(OCoLC)fst00948126
=650  \6$aGrotesque dans la litterature.
=650  \0$aGrotesque in literature.
=655  \7$aCriticism, interpretation, etc.$2fast$0(OCoLC)fst01411635
=655  \7$aElectronic books. $2local
=710  2\$aProject Muse.$edistributor
=830  \0$aBook collections on Project MUSE.
=856  40$zFull text available: $uhttps://muse.jhu.edu/book/60319/

