=LDR  02741cam a22006374a 4500
=001  musev2_60320
=003  MdBmJHUP
=005  20241011144336.0
=006  m\\\\\o\\d\\\\\\\\
=007  cr||||||||nn|n
=008  041103s2005\\\\mdu\\\\\o\\\\\\00\0\eng\d
=020  \\$a9781421427737
=020  \\$z9780801879616
=020  \\$z9781421429205
=035  \\$a(OCoLC)1048221188
=040  \\$aMdBmJHUP$cMdBmJHUP
=100  1\$aO'Quinn, Daniel,$d1962-
=245  10$aStaging Governance : $bTheatrical Imperialism in London, 1770-1800 / $cDaniel O'Quinn.
=264  \1$aBaltimore :$bJohns Hopkins University Press,$c2005.
=264  \3$aBaltimore, Md. :$bProject MUSE, $c2018
=264  \4$c©2005.
=300  \\$a1 online resource (440 pages): $billustrations
=336  \\$atext$btxt$2rdacontent
=337  \\$acomputer$bc$2rdamedia
=338  \\$aonline resource$bcr$2rdacarrier
=506  0\$aOpen Access$fUnrestricted online access$2star
=588  \\$aDescription based on print version record.
=650  \7$aTheater$xPolitical aspects.$2fast$0(OCoLC)fst01149276
=650  \7$aTheater.$2fast$0(OCoLC)fst01149217
=650  \7$aPolitics and literature.$2fast$0(OCoLC)fst01069960
=650  \7$aPolitical plays, English.$2fast$0(OCoLC)fst01069494
=650  \7$aImperialism in literature.$2fast$0(OCoLC)fst00968142
=650  \7$aEnglish drama.$2fast$0(OCoLC)fst00910737
=650  \7$aColonies in literature.$2fast$0(OCoLC)fst00868477
=650  \6$aTheâtre anglais$y18e siecle$xHistoire et critique.
=650  \6$aImperialisme dans la litterature.
=650  \6$aPolitique et litterature$zGrande-Bretagne$xHistoire$y18e siecle.
=650  \6$aTheâtre$zAngleterre$zLondres$xHistoire$y18e siecle.
=650  \6$aTheâtre politique anglais$xHistoire et critique.
=650  \6$aTheâtre$xAspect politique$zAngleterre$zLondres.
=650  \6$aColonies dans la litterature.
=650  \0$aEnglish drama$y18th century$xHistory and criticism.
=650  \0$aImperialism in literature.
=650  \0$aPolitics and literature$zGreat Britain$xHistory$y18th century.
=650  \0$aTheater$zEngland$zLondon$xHistory$y18th century.
=650  \0$aPolitical plays, English$xHistory and criticism.
=650  \0$aTheater$xPolitical aspects$zEngland$zLondon.
=650  \0$aColonies in literature.
=651  \7$aGreat Britain.$2fast$0(OCoLC)fst01204623
=651  \7$aEngland$zLondon.$2fast$0(OCoLC)fst01204271
=655  \7$aHistory.$2fast$0(OCoLC)fst01411628
=655  \7$aCriticism, interpretation, etc.$2fast$0(OCoLC)fst01411635
=655  \7$aElectronic books. $2local
=710  2\$aProject Muse.$edistributor
=830  \0$aBook collections on Project MUSE.
=856  40$zFull text available: $uhttps://muse.jhu.edu/book/60320/

