=LDR  02608cam a22005774a 4500
=001  musev2_60321
=003  MdBmJHUP
=005  20241011144336.0
=006  m\\\\\o\\d\\\\\\\\
=007  cr||||||||nn|n
=008  100423s2008\\\\mdu\\\\\o\\\\\\00\0\eng\d
=020  \\$a9781421427843
=020  \\$z9780801889875
=020  \\$z9781421429076
=035  \\$a(OCoLC)1048221189
=040  \\$aMdBmJHUP$cMdBmJHUP
=100  1\$aFerraro, Joanne Marie,$d1951-
=245  10$aNefarious Crimes, Contested Justice : $bIllicit Sex and Infanticide in the Republic of Venice, 1557-1789 / $cJoanne M. Ferraro.
=264  \1$aBaltimore :$bJohns Hopkins University Press,$c2008.
=264  \3$aBaltimore, Md. :$bProject MUSE, $c2018
=264  \4$c&copy;2008.
=300  \\$a1 online resource (272 pages): $billustrations, map
=336  \\$atext$btxt$2rdacontent
=337  \\$acomputer$bc$2rdamedia
=338  \\$aonline resource$bcr$2rdacarrier
=505  0\$aSex and subjection in the Republic of Venice -- Family secrets : father-daughter incest -- Hidden crimes in a noble household -- Infant deaths and community secrets -- Defying scandal : priests and their lovers -- Conclusion.
=506  0\$aOpen Access$fUnrestricted online access$2star
=588  \\$aDescription based on print version record.
=650  \7$aUnmarried mothers.$2fast$0(OCoLC)fst01162002
=650  \7$aSex customs.$2fast$0(OCoLC)fst01114306
=650  \7$aInfanticide.$2fast$0(OCoLC)fst00972084
=650  \7$aIllegitimate children.$2fast$0(OCoLC)fst00967203
=650  \7$aFornication.$2fast$0(OCoLC)fst00932999
=650  \7$aCriminal justice, Administration of.$2fast$0(OCoLC)fst00883246
=650  \6$aInfanticide$zItalie$zVenise$xHistoire.
=650  \6$aEnfants naturels$zItalie$zVenise$xHistoire.
=650  \6$aMeres celibataires$zItalie$zVenise$xHistoire.
=650  \6$aFornication (Droit)$zItalie$zVenise$xHistoire.
=650  \6$aVie sexuelle$zItalie$zVenise$xHistoire.
=650  \0$aCriminal justice, Administration of$zItaly$zVenice$xHistory.
=650  \0$aInfanticide$zItaly$zVenice$xHistory.
=650  \0$aIllegitimate children$zItaly$zVenice$xHistory.
=650  \0$aUnmarried mothers$zItaly$zVenice$xHistory.
=650  \0$aFornication$zItaly$zVenice$xHistory.
=650  \0$aSex customs$zItaly$zVenice$xHistory.
=651  \7$aItaly$zVenice.$2fast$0(OCoLC)fst01204473
=655  \7$aHistory.$2fast$0(OCoLC)fst01411628
=655  \7$aElectronic books. $2local
=710  2\$aProject Muse.$edistributor
=830  \0$aBook collections on Project MUSE.
=856  40$zFull text available: $uhttps://muse.jhu.edu/book/60321/

