=LDR  02566cam a22005414a 4500
=001  musev2_60323
=003  MdBmJHUP
=005  20241011144337.0
=006  m\\\\\o\\d\\\\\\\\
=007  cr||||||||nn|n
=008  031112s2004\\\\mdu\\\\\o\\\\\\00\0\eng\d
=020  \\$a9781421429328
=020  \\$z9780801879258
=020  \\$z9781421429311
=035  \\$a(OCoLC)1048241038
=040  \\$aMdBmJHUP$cMdBmJHUP
=100  1\$aShaw, Diane,$d1959-
=245  10$aCity Building on the Eastern Frontier : $bSorting the New Nineteenth-Century City / $cby Diane Shaw.
=264  \1$aBaltimore :$bJohns Hopkins University Press,$c2004.
=264  \3$aBaltimore, Md. :$bProject MUSE, $c2018
=264  \4$c©2004.
=300  \\$a1 online resource (272 pages): $billustrations, maps
=336  \\$atext$btxt$2rdacontent
=337  \\$acomputer$bc$2rdamedia
=338  \\$aonline resource$bcr$2rdacarrier
=490  0\$aCreating the North American landscape
=505  0\$aVernacular urbanism and the mercantile network of new cities -- Planning the sorted city : commercial, industrial, civic -- Building the sorted city : the three epitome districts -- Refining the sorted city : appearances in the commercial district -- Gentrifying the sorted city : social sorting in the commercial district -- The Reynolds Arcade and Athenaeum -- Transportation and the changing streetscape.
=506  0\$aOpen Access$fUnrestricted online access$2star
=588  \\$aDescription based on print version record.
=650  \7$aStadtplanung$2gnd
=650  \7$aCity planning.$2fast$0(OCoLC)fst00862177
=650  \7$aCities and towns.$2fast$0(OCoLC)fst00861748
=650  \7$aArchitecture.$2fast$0(OCoLC)fst00813346
=650  \6$aArchitecture$zNew York (État)$xHistoire.
=650  \6$aArchitecture$zNew York (État)$xHistoire$y19e siecle.
=650  \6$aVilles$zNew York (État)$xHistoire$y19e siecle.
=650  \6$aUrbanisme$zNew York (État)$xHistoire$y19e siecle.
=650  \0$aArchitecture$zNew York (State)$xHistory$y19th century.
=650  \0$aCity planning$zNew York (State)$xHistory$y19th century.
=650  \0$aCities and towns$zNew York (State)$xHistory$y19th century.
=650  \0$aArchitecture$zNew York (State)$xHistory.
=651  \7$aNew York$gStaat$2gnd
=651  \7$aNew York (State)$2fast$0(OCoLC)fst01210280
=655  \7$aHistory.$2fast$0(OCoLC)fst01411628
=655  \7$aElectronic books. $2local
=710  2\$aProject Muse.$edistributor
=830  \0$aBook collections on Project MUSE.
=856  40$zFull text available: $uhttps://muse.jhu.edu/book/60323/

