=LDR  05168cam a22007214a 4500
=001  musev2_60324
=003  MdBmJHUP
=005  20241011144338.0
=006  m\\\\\o\\d\\\\\\\\
=007  cr||||||||nn|n
=008  100422s2011\\\\mdu\\\\\o\\\\\\00\0\eng\d
=020  \\$a9781421428116
=020  \\$z9781421429069
=020  \\$z9780801897733
=035  \\$a(OCoLC)1048205497
=040  \\$aMdBmJHUP$cMdBmJHUP
=043  \\$an-us---
=050  \4$aGT2853.U5$bS77 2011
=082  0\$a394.1/20973$222
=100  1\$aStrauss, David,$d1937-$1https://id.oclc.org/worldcat/entity/E39PCjy3CPm4DPpD8t66TCmVQ3
=245  10$aSetting the Table for Julia Child : $bGourmet Dining in America, 1934-1961 / $cDavid Strauss.
=264  \1$aBaltimore :$bJohns Hopkins University Press,$c2011.
=264  \3$aBaltimore, Md. :$bProject MUSE, $c2018
=264  \4$c©2011.
=300  \\$a1 online resource (352 pages): $billustrations (some color)
=336  \\$atext$btxt$2rdacontent
=337  \\$acomputer$bc$2rdamedia
=338  \\$aonline resource$bcr$2rdacarrier
=504  \\$aIncludes bibliographical references and index.
=505  0\$aFood fights in twentieth-century America : the good life versus the healthy life -- Building a foundation for gourmet dining in America -- Origins, rituals, and menus of gourmet dining societies, 1934-1961 -- Selectivity and publicity in the gourmet dining movement -- Beating the Nazis with truffles and tripe : the early years of "Gourmet : the magazine of good living" -- Gourmet's gastronomic tours : Samuel Chamberlain and his bouquets -- From readers to cooks? : the impact of Gourmet/gourmet recipes -- Julia and Simca : a Franco-American culinary alliance.
=506  0\$aOpen Access$fUnrestricted online access$2star
=520  \\$aBefore Julia Child's warbling voice and towering figure burst into America's homes, a gourmet food movement was already sweeping the nation. Setting the Table for Julia Child considers how the tastes and techniques cultivated at dining clubs and in the pages of Gourmet magazine helped prepare many affluent Americans for Child's lessons in French cooking. David Strauss argues that Americans' appetite for haute cuisine had been growing ever since the repeal of Prohibition. Dazzled by visions of the good life presented in luxury lifestyle magazines and by the practices of the upper class, who adopted European taste and fashion, upper-middle-class Americans increasingly populated the gourmet movement. In the process, they came to appreciate the cuisine created by France's greatest chef, Auguste Escoffier. Strauss's impressive archival research illuminates themes--gender, class, consumerism, and national identity--that influenced the course of gourmet dining in America. He also points out how the work of painters and fine printers--reproduced here--called attention to the aesthetic of dining, a vision that heightened one's anticipation of a gratifying experience. In the midst of this burgeoning gourmet food movement Child found her niche. The movement may have introduced affluent Americans to the pleasure of French cuisine years before Julia Child, but it was Julia's lessons that expanded the audience for gourmet dining and turned lovers of French cuisine into cooks.
=588  0\$aDescription based on print version record.
=630  00$aGourmet.
=650  \7$aManners and customs$2fast
=650  \7$aGourmets$2fast
=650  \7$aFood$xSocial aspects$2fast
=650  \7$aFood habits$2fast
=650  \7$aDinners and dining$2fast
=650  \7$aCooking, American$2fast
=650  \6$aGourmets$zÉtats-Unis$xHistoire$y20e siecle.
=650  \6$aHabitudes alimentaires$zÉtats-Unis$xHistoire$y20e siecle.
=650  \6$aAliments$xAspect social$zÉtats-Unis$xHistoire$y20e siecle.
=650  \6$aCuisine americaine$xHistoire$y20e siecle.
=650  \0$aDinners and dining$zUnited States$xHistory$y20th century.
=650  \0$aGourmets$zUnited States$xHistory$y20th century.
=650  \0$aFood habits$zUnited States$xHistory$y20th century.
=650  \0$aFood$xSocial aspects$zUnited States$xHistory$y20th century.
=650  \0$aCooking, American$xHistory$y20th century.
=651  \7$aUnited States$2fast$1https://id.oclc.org/worldcat/entity/E39PBJtxgQXMWqmjMjjwXRHgrq
=651  \6$aÉtats-Unis$xMoeurs et coutumes$y1918-1945.
=651  \6$aÉtats-Unis$xMoeurs et coutumes$y1945-1970.
=651  \0$aUnited States$xSocial life and customs$y1918-1945.
=651  \0$aUnited States$xSocial life and customs$y1945-1970.
=648  \7$a1900-1999$2fast
=653  \\$aHistory of the Americas
=655  \7$aHistory$2fast
=655  \7$aElectronic books. $2local
=758  \\$ihas work:$aSetting the Table for Julia Child (Text)$1https://id.oclc.org/worldcat/entity/E39PCFGPyvxdpk6vkpQYbHw4pX$4https://id.oclc.org/worldcat/ontology/hasWork
=776  18$iPrint version:$aStrauss, David, 1937-$tSetting the Table for Julia Child.$dBaltimore : Johns Hopkins University Press, 2011$w(DLC)  2010015272
=710  2\$aProject Muse.$edistributor
=830  \0$aBook collections on Project MUSE.
=856  40$zFull text available: $uhttps://muse.jhu.edu/book/60324/

