=LDR  01822cam a22004214a 4500
=001  musev2_60325
=003  MdBmJHUP
=005  20241011144338.0
=006  m\\\\\o\\d\\\\\\\\
=007  cr||||||||nn|n
=008  100414s2003\\\\mdu\\\\\o\\\\\\00\0\eng\d
=020  \\$a9781421428215
=020  \\$z9781421429199
=020  \\$z9780801873980
=035  \\$a(OCoLC)1048240933
=040  \\$aMdBmJHUP$cMdBmJHUP
=100  1\$aLohafer, Susan.
=245  10$aReading for Storyness : $bPreclosure Theory, Empirical Poetics, and Culture in the Short Story / $cSusan Lohafer.
=264  \1$aBaltimore :$bJohns Hopkins University Press,$c2003.
=264  \3$aBaltimore, Md. :$bProject MUSE, $c2018
=264  \4$c©2003.
=300  \\$a1 online resource (208 pages).
=336  \\$atext$btxt$2rdacontent
=337  \\$acomputer$bc$2rdamedia
=338  \\$aonline resource$bcr$2rdacarrier
=505  0\$a1. Once more into the forest -- 2. Preclosure basics in a Kate -- 3. Preclosing an "open" story by Julio Cortázar -- 4. Preclosure and the history of the American short story -- 5. Katherine Mansfield and Sandra Cisneros -- 6. Loving Raymond Carver -- 7. Revisiting Ann Beattie -- 8. The largeness of minimalism in Bobbie Ann Mason -- 9. A short story and its nonfiction counterpart.
=506  0\$aOpen Access$fUnrestricted online access$2star
=588  \\$aDescription based on print version record.
=650  \7$aShort story.$2fast$0(OCoLC)fst01117446
=650  \7$aNarration (Rhetoric)$2fast$0(OCoLC)fst01032927
=650  \6$aNarration.
=650  \6$aNouvelle.
=650  \0$aNarration (Rhetoric)
=650  \0$aShort story.
=655  \7$aElectronic books. $2local
=710  2\$aProject Muse.$edistributor
=830  \0$aBook collections on Project MUSE.
=856  40$zFull text available: $uhttps://muse.jhu.edu/book/60325/

