=LDR  04542cam a22006374a 4500
=001  musev2_60326
=003  MdBmJHUP
=005  20241011144339.0
=006  m\\\\\o\\d\\\\\\\\
=007  cr||||||||nn|n
=008  951011s1996\\\\mdu\\\\\o\\\\\\00\0\eng\d
=020  \\$a9781421427591
=020  \\$z9780801850899
=020  \\$z9780801877421
=020  \\$z9781421429168
=035  \\$a(OCoLC)1048204482
=040  \\$aMdBmJHUP$cMdBmJHUP
=100  1\$aKraft, James P.
=245  10$aStage to Studio : $bMusicians and the Sound Revolution, 1890-1950 / $cJames P. Kraft.
=264  \1$aBaltimore, MD :$bJohns Hopkins University Press,$c1996.
=264  \3$aBaltimore, Md. :$bProject MUSE, $c2018
=264  \4$c©1996.
=300  \\$a1 online resource (248 pages): $billustrations
=336  \\$atext$btxt$2rdacontent
=337  \\$acomputer$bc$2rdamedia
=338  \\$aonline resource$bcr$2rdacarrier
=490  0\$aStudies in industry and society ;$v9
=505  0\$a1. Working Scales in Industrial America -- 2. Boom and Bust in Early Movie Theaters -- 3. Encountering Records and Radio -- 4. Playing in Hollywood between the Wars -- 5. Rising Militancy -- 6. Recording Ban -- 7. Balancing Success and Failure -- Appendix: AFM Membership, 1896-1956.
=506  0\$aOpen Access$fUnrestricted online access$2star
=520  8\$aCombining ideas and techniques from business, labor, and social history, Kraft offers an illuminating case study in the impact of technology on industry and society. He stresses that capital and capitalism were as important in the entertainment industry as they were in steel manufacturing or coal mining. At the same time, he explains that the technological changes faced by musicians were not some anonymous force but were socially constructed. Finally, since the history of musicians represents part of cultural history, Kraft suggests that changes in the lives of musicians reflected and related to cultural changes as well as to organizational and technological ones.
=520  8\$aKraft begins in the late nineteenth century, before high-fidelity records, network radio, and sound motion pictures ended a "golden age," in which demand for skilled instrumentalists often exceeded supply. He examines conflicts that occurred across America - in New York recording studios, on Hollywood sound stages, and in nightclubs and movie theaters - as new invention and entrepreneurship intersected with the interests of artists. He describes how instrumentalists suddenly discovered - just as nineteenth-century artisans had before them - that they were competing not only against their local counterparts but also against nationally oriented "entertainment factories" whose highly skilled workers compromised the appeal of local performers.
=520  \\$aThomas Edison's inventions, so successful commercially, altered the lives of all Americans in the twentieth century. Among those persons most directly affected were artists in the entertainment industry. In this groundbreaking study of musicians and the businesses of recording, broadcasting, and film, James P. Kraft shows how musicians adapted - or tried to adapt - to momentous change and the emerging nexus of corporate power, labor-union muscle, and government regulation that came to define the field.
=588  \\$aDescription based on print version record.
=650  17$aMaatschappij.$2gtt
=650  17$aMuziekindustrie.$2gtt
=650  17$aMuzieksociologie.$2gtt
=650  \7$aMusiker$2gnd
=650  \7$aSchallaufzeichnung$2gnd
=650  \7$aMusicians$xLegal status, laws, etc.$2fast$0(OCoLC)fst01030859
=650  \7$aMusicians$xEmployment.$2fast$0(OCoLC)fst01030852
=650  \7$aLabor movement.$2fast$0(OCoLC)fst00990079
=650  \7$aIndustrial relations.$2fast$0(OCoLC)fst00971609
=650  \6$aMusiciens$xEffets des innovations sur$zÉtats-Unis.
=650  \6$aRelations industrielles$zÉtats-Unis.
=650  \6$aMouvement ouvrier$zÉtats-Unis.
=650  \0$aMusicians$xEmployment$zUnited States.
=650  \0$aMusicians$xEffect of technological innovations on$zUnited States.
=650  \0$aMusicians$xLegal status, laws, etc.$zUnited States.
=650  \0$aIndustrial relations$zUnited States.
=650  \0$aLabor movement$zUnited States.
=651  \7$aUSA$2gnd
=651  \7$aUnited States.$2fast$0(OCoLC)fst01204155
=655  \7$aElectronic books. $2local
=710  2\$aProject Muse.$edistributor
=830  \0$aBook collections on Project MUSE.
=856  40$zFull text available: $uhttps://muse.jhu.edu/book/60326/

