=LDR  02189cam a22005294a 4500
=001  musev2_60327
=003  MdBmJHUP
=005  20241011144340.0
=006  m\\\\\o\\d\\\\\\\\
=007  cr||||||||nn|n
=008  050725s2006\\\\mdu\\\\\o\\\\\\00\0\eng\d
=020  \\$a9781421429304
=020  \\$z9781421429298
=020  \\$z9780801883088
=035  \\$a(OCoLC)1048233279
=040  \\$aMdBmJHUP$cMdBmJHUP
=100  1\$aSanyal, Debarati,$d1969-
=245  14$aThe Violence of Modernity : $bBaudelaire, Irony, and the Politics of Form / $cDebarati Sanyal.
=264  \1$aBaltimore :$bJohns Hopkins University Press,$c2006.
=264  \3$aBaltimore, Md. :$bProject MUSE, $c2018
=264  \4$c©2006.
=300  \\$a1 online resource (288 pages).
=336  \\$atext$btxt$2rdacontent
=337  \\$acomputer$bc$2rdamedia
=338  \\$aonline resource$bcr$2rdacarrier
=490  0\$aParallax
=506  0\$aOpen Access$fUnrestricted online access$2star
=588  \\$aDescription based on print version record.
=600  17$aBaudelaire, Charles,$d1821-1867.$2fast$0(OCoLC)fst00031368
=600  11$aBaudelaire, Charles,$d1821-1867$xCriticism and interpretation.
=600  10$aBaudelaire, Charles,$d1821-1867$xCriticism and interpretation.
=650  \7$aViolence in literature.$2fast$0(OCoLC)fst01167282
=650  \7$aPsychic trauma in literature.$2fast$0(OCoLC)fst01081229
=650  \7$aFrench literature.$2fast$0(OCoLC)fst00934688
=650  \6$aLitterature française$y19e siecle$xHistoire et critique.
=650  \6$aLitterature française$y20e siecle$xHistoire et critique.
=650  \6$aTraumatisme psychique dans la litterature.
=650  \6$aViolence dans la litterature.
=650  \0$aFrench literature$y19th century$xHistory and criticism.
=650  \0$aFrench literature$y20th century$xHistory and criticism.
=650  \0$aPsychic trauma in literature.
=650  \0$aViolence in literature.
=655  \7$aCriticism, interpretation, etc.$2fast$0(OCoLC)fst01411635
=655  \7$aElectronic books. $2local
=710  2\$aProject Muse.$edistributor
=830  \0$aBook collections on Project MUSE.
=856  40$zFull text available: $uhttps://muse.jhu.edu/book/60327/

