=LDR  01401cam a22003614a 4500
=001  musev2_60328
=003  MdBmJHUP
=005  20241011144341.0
=006  m\\\\\o\\d\\\\\\\\
=007  cr||||||||nn|n
=008  190726s2005\\\\mdu\\\\\o\\\\\\00\0\eng\d
=020  \\$a9781421427607
=020  \\$z9780801880209
=020  \\$z9781421429113
=035  \\$a(OCoLC)1048215754
=040  \\$aMdBmJHUP$cMdBmJHUP
=100  1\$aAlter, Stephen G$eVerfasserIn.$4aut
=245  10$aWilliam Dwight Whitney and the Science of Language / $cStephen G. Alter.
=264  \1$aBaltimore, Md.$bJohns Hopkins University Press$c2005
=264  \3$aBaltimore, Md. :$bProject MUSE, $c2018
=264  \4$c&copy;2005
=300  \\$a1 online resource: $bill.
=336  \\$atext$btxt$2rdacontent
=337  \\$acomputer$bc$2rdamedia
=338  \\$aonline resource$bcr$2rdacarrier
=500  \\$aIncludes bibliographical references (p. [275]-320) and index. - "W.D. Whitney's main works in general linguistics": p. [321]-323. - Description based on print version record.
=506  0\$aOpen Access$fUnrestricted online access$2star
=588  \\$aDescription based on print version record.
=650  \4$aWhitney, William Dwight ; 1827-1894.
=655  \7$aElectronic books. $2local
=710  2\$aProject Muse.$edistributor
=830  \0$aBook collections on Project MUSE.
=856  40$zFull text available: $uhttps://muse.jhu.edu/book/60328/

