=LDR  02120cam a22005654a 4500
=001  musev2_60329
=003  MdBmJHUP
=005  20241011144343.0
=006  m\\\\\o\\d\\\\\\\\
=007  cr||||||||nn|n
=008  080610s2009\\\\mdu\\\\\o\\\\\\00\0\eng\d
=020  \\$a9781421427867
=020  \\$z9780801890369
=020  \\$z9781421429144
=035  \\$a(OCoLC)1048214937
=040  \\$aMdBmJHUP$cMdBmJHUP
=100  1\$aGrieve, Patricia E.
=245  14$aThe Eve of Spain : $bMyths of Origins in the History of Christian, Muslim, and Jewish Conflict / $cPatricia E. Grieve.
=264  \1$aBaltimore :$bJohns Hopkins University Press,$c2009.
=264  \3$aBaltimore, Md. :$bProject MUSE, $c2018
=264  \4$c&copy;2009.
=300  \\$a1 online resource (328 pages): $billustrations, maps
=336  \\$atext$btxt$2rdacontent
=337  \\$acomputer$bc$2rdamedia
=338  \\$aonline resource$bcr$2rdacarrier
=506  0\$aOpen Access$fUnrestricted online access$2star
=588  \\$aDescription based on print version record.
=651  \7$aSpain.$2fast$0(OCoLC)fst01204303
=651  \6$aEspagne$xHistoire$y1516-1700 (Maison d'Autriche)
=651  \0$aSpain$xHistory$y711-1516.
=651  \0$aSpain$xHistory$yHouse of Austria, 1516-1700.
=651  \0$aSpain$xEthnic relations$xHistory.
=650  \7$aMuslims.$2fast$0(OCoLC)fst01031029
=650  \7$aLegends.$2fast$0(OCoLC)fst00995592
=650  \7$aJews.$2fast$0(OCoLC)fst00983135
=650  \7$aEthnic relations.$2fast$0(OCoLC)fst00916005
=650  \7$aChristians.$2fast$0(OCoLC)fst00859760
=650  \6$aLegendes$zEspagne.
=650  \6$aChretiens$zEspagne$xHistoire.
=650  \6$aMusulmans$zEspagne$xHistoire.
=650  \6$aJuifs$zEspagne$xHistoire.
=650  \0$aLegends$zSpain.
=650  \0$aChristians$zSpain$xHistory.
=650  \0$aMuslims$zSpain$xHistory.
=650  \0$aJews$zSpain$xHistory.
=655  \7$aHistory.$2fast$0(OCoLC)fst01411628
=655  \7$aElectronic books. $2local
=710  2\$aProject Muse.$edistributor
=830  \0$aBook collections on Project MUSE.
=856  40$zFull text available: $uhttps://muse.jhu.edu/book/60329/

