=LDR  02044cam a22004694a 4500
=001  musev2_60331
=003  MdBmJHUP
=005  20241011144344.0
=006  m\\\\\o\\d\\\\\\\\
=007  cr||||||||nn|n
=008  190726s2005\\\\mdu\\\\\o\\\\\\00\0\eng\d
=020  \\$a9781421427614
=020  \\$z9781421429359
=020  \\$z9780801873904
=035  \\$a(OCoLC)1048221187
=040  \\$aMdBmJHUP$cMdBmJHUP
=100  1\$aKamil, Neil$d1954-$eVerfasserIn.$4aut
=245  10$aFortress of the Soul : $bViolence, Metaphysics, and Material Life in the Huguenots' New World, 1517-1751 / $cNeil Kamil.
=264  \1$aBaltimore$bJohns Hopkins University Press$c2005
=264  \3$aBaltimore, Md. :$bProject MUSE, $c2018
=264  \4$c&copy;2005
=300  \\$a1 online resource (1088 pages): $bill., maps
=336  \\$atext$btxt$2rdacontent
=337  \\$acomputer$bc$2rdamedia
=338  \\$aonline resource$bcr$2rdacarrier
=500  \\$aIncludes bibliographical references (p. [926]-1031) and index. - Description based on print version record.
=506  0\$aOpen Access$fUnrestricted online access$2star
=588  \\$aDescription based on print version record.
=650  \4$aNew York (State) ; History ; Colonial period, ca. 1600-1775.
=650  \4$aNew York (N.Y.) ; Intellectual life.
=650  \4$aLa Rochelle (France) ; Intellectual life.
=650  \4$aLa Rochelle (France) ; Religious life and customs.
=650  \4$aHuguenots ; New York (State) ; New York ; Intellectual life.
=650  \4$aHuguenots ; New York (State) ; New York ; Social conditions.
=650  \4$aMaterial culture ; New York (State) ; New York ; History.
=650  \4$aArtisans ; New York (State) ; New York ; History.
=650  \4$aDecorative arts ; Social aspects ; New York (State) ; New York ; History.
=650  \4$aHuguenots ; France ; La Rochelle ; History.
=655  \7$aElectronic books. $2local
=710  2\$aProject Muse.$edistributor
=830  \0$aBook collections on Project MUSE.
=856  40$zFull text available: $uhttps://muse.jhu.edu/book/60331/

