=LDR  03899cam a22005654a 4500
=001  musev2_60332
=003  MdBmJHUP
=005  20241011144345.0
=006  m\\\\\o\\d\\\\\\\\
=007  cr||||||||nn|n
=008  100414s2004\\\\mdu\\\\\o\\\\\\00\0\eng\d
=020  \\$a9781421427676
=020  \\$z9781421427553
=020  \\$z9780801879296
=035  \\$a(OCoLC)1048233278
=040  \\$aMdBmJHUP$cMdBmJHUP
=100  1\$aLurie, Peter,$d1965-
=245  10$aVision's Immanence : $bFaulkner, Film, and the Popular Imagination / $cPeter Lurie.
=264  \1$aBaltimore :$bJohns Hopkins University Press,$c2004.
=264  \3$aBaltimore, Md. :$bProject MUSE, $c2018
=264  \4$c©2004.
=300  \\$a1 online resource (256 pages).
=336  \\$atext$btxt$2rdacontent
=337  \\$acomputer$bc$2rdamedia
=338  \\$aonline resource$bcr$2rdacarrier
=505  0\$aAdorno's modernism and the historicity of popular culture -- "Some quality of delicate paradox": sanctuary's generative conflict of high and low -- "Get me a nigger": mystery, surveillance, and Joe Christmas's spectral identity -- "Some trashy myth of reality's escape": romance, history, and film viewing in Absalom, Absalom! -- Screening readerly pleasures: modernism, melodrama, and mass markets in If I forget thee, Jerusalem -- Modernism, jail cells, and the senses.
=506  0\$aOpen Access$fUnrestricted online access$2star
=520  1\$a"To what extent was William Faulkner's deeply ambivalent relationship to - and involvement with - American popular culture reflected in his modernist or "art" fiction? Peter Lurie finds convincing evidence that Faulkner was keenly aware of commercial culture and adapted its formulas, strategies, and in particular, its visual techniques into the language of his novels of the 1930s. Lurie contends that Faulkner's modernism can be best understood in light of his reaction to the popular culture of his day." "Lurie takes particular interest in the influence of cinema on Faulkner's fiction and the visual strategies he both deployed and critiqued. These include the suggestion of cinematic viewing on the part of readers and of characters in each of the novels; the collective and individual acts of voyeurism in Sanctuary and Light in August; the exposing in Absalom! Absalom! and Light in August of stereotypical and cinematic patterns of thought about history and race; and the evocation of popular forms like melodrama and the movie screen in If I forget thee, Jerusalem. Offering innovative readings of these canonical works, this study sheds new light on Faulkner's uniquely American modernism."--Jacket
=588  \\$aDescription based on print version record.
=600  17$aFaulkner, William,$d1897-1962.$2fast$0(OCoLC)fst00029774
=600  11$aFaulkner, William,$d1897-1962$xFilm and video adaptations.
=600  10$aFaulkner, William,$d1897-1962$xFilm adaptations.
=650  \7$aPopular culture.$2fast$0(OCoLC)fst01071344
=650  \7$aMotion pictures.$2fast$0(OCoLC)fst01027285
=650  \7$aFilm adaptations.$2fast$0(OCoLC)fst00924250
=650  \7$aAmerican fiction.$2fast$0(OCoLC)fst00807048
=650  \6$aAdaptations cinematographiques.
=650  \6$aCinema$zÉtats-Unis$xHistoire$y20e siecle.
=650  \6$aCulture populaire$zÉtats-Unis$xHistoire$y20e siecle.
=650  \0$aFilm adaptations.
=650  \0$aAmerican fiction$vFilm adaptations.
=650  \0$aMotion pictures$zUnited States$xHistory$y20th century.
=650  \0$aPopular culture$zUnited States$xHistory$y20th century.
=651  \7$aUnited States.$2fast$0(OCoLC)fst01204155
=655  \7$aHistory.$2fast$0(OCoLC)fst01411628
=655  \7$aFilm adaptations.$2fast$0(OCoLC)fst01710491
=655  \7$aElectronic books. $2local
=710  2\$aProject Muse.$edistributor
=830  \0$aBook collections on Project MUSE.
=856  40$zFull text available: $uhttps://muse.jhu.edu/book/60332/

