=LDR  02472cam a22005894a 4500
=001  musev2_60333
=003  MdBmJHUP
=005  20241011144346.0
=006  m\\\\\o\\d\\\\\\\\
=007  cr||||||||nn|n
=008  050307s2006\\\\mdu\\\\\o\\\\\\00\0\eng\d
=020  \\$a9781421427744
=020  \\$z9781421429397
=020  \\$z9780801882319
=035  \\$a(OCoLC)1048195994
=040  \\$aMdBmJHUP$cMdBmJHUP
=100  1\$aKalaidjian, Walter B.,$d1952-
=245  14$aThe Edge of Modernism : $bAmerican Poetry and the Traumatic Past / $cWalter Kalaidjian.
=264  \1$aBaltimore :$bJohns Hopkins University Press,$c2006.
=264  \3$aBaltimore, Md. :$bProject MUSE, $c2018
=264  \4$c&copy;2006.
=300  \\$a1 online resource (256 pages): $bill.
=336  \\$atext$btxt$2rdacontent
=337  \\$acomputer$bc$2rdamedia
=338  \\$aonline resource$bcr$2rdacarrier
=506  0\$aOpen Access$fUnrestricted online access$2star
=588  \\$aDescription based on print version record.
=650  \7$aSlavery in literature.$2fast$0(OCoLC)fst01120515
=650  \7$aModernism (Literature)$2fast$0(OCoLC)fst01024455
=650  \7$aLiterature and history.$2fast$0(OCoLC)fst01000077
=650  \7$aHolocaust, Jewish (1939-1945) in literature.$2fast$0(OCoLC)fst00958923
=650  \7$aHistory in literature.$2fast$0(OCoLC)fst00958338
=650  \7$aGenocide in literature.$2fast$0(OCoLC)fst00940224
=650  \7$aCold War (1945-1989) in literature.$2fast$0(OCoLC)fst00866988
=650  \7$aAnti-communist movements in literature.$2fast$0(OCoLC)fst00810323
=650  \7$aAmerican poetry.$2fast$0(OCoLC)fst00807348
=650  \0$aAmerican poetry$y20th century$xHistory and criticism.
=650  \0$aLiterature and history$zUnited States$xHistory$y20th century.
=650  \0$aHolocaust, Jewish (1939-1945), in literature.
=650  \0$aAnti-communist movements in literature.
=650  \0$aModernism (Literature)$zUnited States.
=650  \0$aGenocide in literature.
=650  \0$aCold War in literature.
=650  \0$aHistory in literature.
=650  \0$aSlavery in literature.
=651  \7$aUnited States.$2fast$0(OCoLC)fst01204155
=655  \7$aHistory.$2fast$0(OCoLC)fst01411628
=655  \7$aCriticism, interpretation, etc.$2fast$0(OCoLC)fst01411635
=655  \7$aElectronic books. $2local
=710  2\$aProject Muse.$edistributor
=830  \0$aBook collections on Project MUSE.
=856  40$zFull text available: $uhttps://muse.jhu.edu/book/60333/

