=LDR  02804cam a22006134a 4500
=001  musev2_60334
=003  MdBmJHUP
=005  20241011144346.0
=006  m\\\\\o\\d\\\\\\\\
=007  cr||||||||nn|n
=008  030102s2004\\\\mdu\\\\\o\\\\\\00\0\eng\d
=020  \\$a9781421429250
=020  \\$z9780801873812
=020  \\$z9781421429243
=035  \\$a(OCoLC)1048224632
=040  \\$aMdBmJHUP$cMdBmJHUP
=100  1\$aMosher, Anne E.,$d1959-
=245  10$aCapital's Utopia : $bVandergrift, Pennsylvania, 1855-1916 / $cAnne E. Mosher.
=264  \1$aBaltimore :$bJohns Hopkins University Press,$c2004.
=264  \3$aBaltimore, Md. :$bProject MUSE, $c2018
=264  \4$c&copy;2004.
=300  \\$a1 online resource (272 pages): $bill.
=336  \\$atext$btxt$2rdacontent
=337  \\$acomputer$bc$2rdamedia
=338  \\$aonline resource$bcr$2rdacarrier
=505  0\$aExperimentation in the Kiskiminetas Valley iron industry -- Apollo's uneasy transition from iron to steel -- The McMurtry, Olmsted, and Eliot plan for Vandergrift -- Settling the Vandergrift Peninsula -- The steel strike of 1901 -- Growing pains for a "model town".
=506  0\$aOpen Access$fUnrestricted online access$2star
=588  \\$aDescription based on print version record.
=600  17$aOlmsted, Frederick Law,$d1822-1903.$2fast$0(OCoLC)fst00030137
=600  17$aMcMurtry, George Gibson,$d1838-1915.$2fast$0(OCoLC)fst00488316
=600  11$aMcMurtry, George Gibson,$d1838-1915.
=600  11$aOlmsted, Frederick Law,$d1822-1903.
=600  10$aMcMurtry, George Gibson,$d1838-1915.
=600  10$aOlmsted, Frederick Law,$d1822-1903.
=650  \7$aSteel industry and trade$xSocial aspects.$2fast$0(OCoLC)fst01132700
=650  \7$aSocial conditions.$2fast$0(OCoLC)fst01919811
=650  \7$aIron and steel workers.$2fast$0(OCoLC)fst00979165
=650  \7$aEconomic history.$2fast$0(OCoLC)fst00901974
=650  \7$aCompany towns.$2fast$0(OCoLC)fst00871307
=650  \7$aCity planning.$2fast$0(OCoLC)fst00862177
=650  \0$aCompany towns$zPennsylvania$zVandergrift$xHistory.
=650  \0$aCity planning$zPennsylvania$zVandergrift$xHistory.
=650  \0$aSteel industry and trade$xSocial aspects$zPennsylvania$zVandergrift$xHistory.
=650  \0$aIron and steel workers$zPennsylvania$zVandergrift$xHistory.
=651  \7$aPennsylvania$zVandergrift.$2fast$0(OCoLC)fst01223405
=651  \0$aVandergrift (Pa.)$xHistory.
=651  \0$aVandergrift (Pa.)$xSocial conditions.
=651  \0$aVandergrift (Pa.)$xEconomic conditions.
=655  \7$aHistory.$2fast$0(OCoLC)fst01411628
=655  \7$aElectronic books. $2local
=710  2\$aProject Muse.
=710  2\$aProject Muse.$edistributor
=830  \0$aBook collections on Project MUSE.
=856  40$zFull text available: $uhttps://muse.jhu.edu/book/60334/

