=LDR  02997cam a22005174a 4500
=001  musev2_60335
=003  MdBmJHUP
=005  20241011144347.0
=006  m\\\\\o\\d\\\\\\\\
=007  cr||||||||nn|n
=008  070516s2008\\\\mdu\\\\\o\\\\\\00\0\eng\d
=020  \\$a9781421427768
=020  \\$z9781421429137
=020  \\$z9780801887192
=035  \\$a(OCoLC)1048228453
=040  \\$aMdBmJHUP$cMdBmJHUP
=100  1\$aGressel, Jonathan.
=245  10$aGenetic Glass Ceilings : $bTransgenics for Crop Biodiversity / $cJonathan Gressel ; foreword by Klaus Ammann.
=264  \1$aBaltimore :$bJohns Hopkins University Press,$c2008.
=264  \3$aBaltimore, Md. :$bProject MUSE, $c2018
=264  \4$c&copy;2008.
=300  \\$a1 online resource (488 pages): $billustrations
=336  \\$atext$btxt$2rdacontent
=337  \\$acomputer$bc$2rdamedia
=338  \\$aonline resource$bcr$2rdacarrier
=505  0\$aWhy crop biodiversity? -- Domestication : reaching a glass ceiling -- Transgenic tools for regaining biodiversity : breaching the ceiling -- Biosafety considerations with further domesticated crops -- Introduction to case studies : where the ceiling needs to be breached -- Evil weevils or us : who gets to eat the grain? -- Kwashiorkor, diseases, and cancer : needed: food without mycotoxins -- Emergency engineering of standing forage crops to contain pandemics -- transient redomestication -- Meat and fuel from straw -- Papaya : saved by transgenics -- Palm olive oils : healthier palm oil -- Rice : a major crop undergoing continual transgenic further domestication -- Tef : the crop for dry extremes -- Buckwheat : the crop for poor cold extremes -- Should sorghum be a crop for the birds and the witches? -- Oilseed rape : unfinished domestication -- Reinventing safflower -- Swollen necks from fonio millet and pearl millet -- Grass pea : take this poison -- Limits to domestication : dioscorea deltoidea -- Tomato : bring back Flavr Savr: conceptually -- Orchids : sustaining beauty -- Olives : and other allergenic, messy landscaping species.
=506  0\$aOpen Access$fUnrestricted online access$2star
=588  \\$aDescription based on print version record.
=650  \7$aTransgenic plants.$2fast$0(OCoLC)fst01154677
=650  \7$aPlant diversity.$2fast$0(OCoLC)fst01432075
=650  \7$aCrops$xGenetic engineering.$2fast$0(OCoLC)fst00884007
=650  \7$aCrop improvement.$2fast$0(OCoLC)fst00883912
=650  \6$aCultures$xGenie genetique.
=650  \6$aPlantes transgeniques.
=650  \6$aDiversite vegetale.
=650  \6$aCultures$xAmelioration.
=650  \2$aPlants, Genetically Modified
=650  \0$aCrops$xGenetic engineering.
=650  \0$aTransgenic plants.
=650  \0$aPlant diversity.
=650  \0$aCrop improvement.
=655  \7$aElectronic books. $2local
=700  1\$aAmmann, Klaus.
=710  2\$aProject Muse.$edistributor
=830  \0$aBook collections on Project MUSE.
=856  40$zFull text available: $uhttps://muse.jhu.edu/book/60335/

