=LDR  02367cam a22005534a 4500
=001  musev2_60336
=003  MdBmJHUP
=005  20241011144347.0
=006  m\\\\\o\\d\\\\\\\\
=007  cr||||||||nn|n
=008  050224s2006\\\\mdu\\\\\o\\\\\\00\0\eng\d
=020  \\$a9781421427706
=020  \\$z9780801882258
=020  \\$z9781421429212
=035  \\$a(OCoLC)1048204483
=040  \\$aMdBmJHUP$cMdBmJHUP
=100  1\$aPhillippy, Patricia Berrahou,$d1960-$1https://id.oclc.org/worldcat/entity/E39PBJwCYGqcq66VrrH6yqgYfq
=245  10$aPainting Women : $bCosmetics, Canvases, and Early Modern Culture / $cPatricia Phillippy.
=264  \1$aBaltimore :$bJohns Hopkins University Press,$c2006.
=264  \3$aBaltimore, Md. :$bProject MUSE, $c2018
=264  \4$c&copy;2006.
=300  \\$a1 online resource (272 pages): $billustrations
=336  \\$atext$btxt$2rdacontent
=337  \\$acomputer$bc$2rdamedia
=338  \\$aonline resource$bcr$2rdacarrier
=505  0\$aIntroduction -- Chapter One. Painting Women: Spectacle and Subjectivity -- Chapter Two. Public Women: Female Friendship on Trial -- Chapter Three. The Mirror of Socrates -- Chapter Four. Colors and Essence -- Chapter Five. Conscience, Custom, and the Reformation of Painting -- Conclusion
=506  0\$aOpen Access$fUnrestricted online access$2star
=588  \\$aDescription based on print version record.
=650  \7$aWomen in art$2fast
=650  \7$aGender identity in art$2fast
=650  \7$aFeminine beauty (Aesthetics)$2fast
=650  \7$aArts, European$2fast
=650  \6$aFemmes dans l'art.
=650  \6$aIdentite de genre dans l'art.
=650  \6$aBeaute feminine (Esthetique)$zEurope.
=650  \6$aCosmetiques$xAspect social$zEurope.
=650  \6$aArts europeens$y16e siecle.
=650  \6$aArts europeens$y17e siecle.
=650  \0$aWomen in art.
=650  \0$aGender identity in art.
=650  \0$aFeminine beauty (Aesthetics)$zEurope.
=650  \0$aCosmetics$xSocial aspects$zEurope.
=650  \0$aArts, European$y16th century.
=650  \0$aArts, European$y17th century.
=651  \7$aEurope$2fast$1https://id.oclc.org/worldcat/entity/E39PBJxCxPbbk4CPJDQJb4r6rq
=655  \7$aElectronic books. $2local
=710  2\$aProject Muse.$edistributor
=830  \0$aBook collections on Project MUSE.
=856  40$zFull text available: $uhttps://muse.jhu.edu/book/60336/

