=LDR  02087cam a22004934a 4500
=001  musev2_60337
=003  MdBmJHUP
=005  20241011144348.0
=006  m\\\\\o\\d\\\\\\\\
=007  cr||||||||nn|n
=008  101122s2011\\\\mdu\\\\\o\\\\\\00\0\eng\d
=020  \\$a9781421428161
=020  \\$z9781421429151
=020  \\$z9781421401423
=035  \\$a(OCoLC)1048200515
=040  \\$aMdBmJHUP$cMdBmJHUP
=100  1\$aKlestinec, Cynthia,$eauthor.
=245  10$aTheaters of Anatomy : $bStudents, Teachers, and Traditions of Dissection in Renaissance Venice / $cCynthia Klestinec.
=264  \1$aBaltimore :$bJohns Hopkins University Press,$c2011.
=264  \3$aBaltimore, Md. :$bProject MUSE, $c2018
=264  \4$c&copy;2011.
=300  \\$a1 online resource (280 pages).
=336  \\$atext$btxt$2rdacontent
=337  \\$acomputer$bc$2rdamedia
=338  \\$aonline resource$bcr$2rdacarrier
=505  0\$aSpectacular anatomies : demonstrations, lectures, and lessons -- Fabrici's dominion : the first anatomical theater -- Civic and civil anatomies : the second anatomical theater -- Medical students and their corpses -- Private anatomies and the delights of technical expertise.
=506  0\$aOpen Access$fUnrestricted online access$2star
=588  \\$aDescription based on print version record.
=650  \7$aHuman dissection.$2fast$0(OCoLC)fst00962937
=650  \7$aDissection.$2fast$0(OCoLC)fst00895395
=650  \7$aAnatomy.$2fast$0(OCoLC)fst00808440
=650  \0$aHuman dissection$zItaly$xHistory$y17th century.
=650  \0$aAnatomy$xhistory$zItaly.
=650  \0$aAnatomy$xeducation$zItaly.
=650  \0$aDissection$xeducation$zItaly.
=650  \0$aDissection$xhistory$zItaly.
=650  \0$aHistory, 16th Century$zItaly.
=650  \0$aHistory, 17th Century$zItaly.
=651  \7$aItaly.$2fast$0(OCoLC)fst01204565
=655  \7$aHistory.$2fast$0(OCoLC)fst01411628
=655  \7$aElectronic books. $2local
=710  2\$aProject Muse.$edistributor
=830  \0$aBook collections on Project MUSE.
=856  40$zFull text available: $uhttps://muse.jhu.edu/book/60337/

