=LDR  01713cam a22004334a 4500
=001  musev2_60338
=003  MdBmJHUP
=005  20241011144349.0
=006  m\\\\\o\\d\\\\\\\\
=007  cr||||||||nn|n
=008  070816s2008\\\\mdu\\\\\o\\\\\\00\0\eng\d
=020  \\$a9781421427812
=020  \\$z9780801888038
=020  \\$z9781421429229
=035  \\$a(OCoLC)1048218796
=040  \\$aMdBmJHUP$cMdBmJHUP
=100  1\$aStewart, Mary Lynn,$d1945-
=245  10$aDressing Modern Frenchwomen : $bMarketing Haute Couture, 1919-1939 / $cMary Lynn Stewart.
=264  \1$aBaltimore :$bJohns Hopkins University Press,$c2008.
=264  \3$aBaltimore, Md. :$bProject MUSE, $c2018
=264  \4$c©2008.
=300  \\$a1 online resource (328 pages): $billustrations
=336  \\$atext$btxt$2rdacontent
=337  \\$acomputer$bc$2rdamedia
=338  \\$aonline resource$bcr$2rdacarrier
=506  0\$aOpen Access$fUnrestricted online access$2star
=588  \\$aDescription based on print version record.
=650  \7$aWomen's clothing industry.$2fast$0(OCoLC)fst01178710
=650  \7$aFashion merchandising.$2fast$0(OCoLC)fst00921644
=650  \6$aVêtements de femme$xIndustrie$zFrance$xHistoire$y20e siecle.
=650  \6$aMode$xMarchandisage$zFrance$xHistoire$y20e siecle.
=650  \0$aWomen's clothing industry$zFrance$xHistory$y20th century.
=650  \0$aFashion merchandising$zFrance$xHistory$y20th century.
=651  \7$aFrance.$2fast$0(OCoLC)fst01204289
=655  \7$aHistory.$2fast$0(OCoLC)fst01411628
=655  \7$aElectronic books. $2local
=710  2\$aProject Muse.$edistributor
=830  \0$aBook collections on Project MUSE.
=856  40$zFull text available: $uhttps://muse.jhu.edu/book/60338/

