=LDR  01566cam a22004214a 4500
=001  musev2_60339
=003  MdBmJHUP
=005  20241011144349.0
=006  m\\\\\o\\d\\\\\\\\
=007  cr||||||||nn|n
=008  100626s2004\\\\mdu\\\\\o\\\\\\00\0\eng\d
=020  \\$a9781421427638
=020  \\$z9781421429106
=020  \\$z9780801879821
=035  \\$a(OCoLC)1048214936
=040  \\$aMdBmJHUP$cMdBmJHUP
=100  1\$aAbecassis, Jack I.,$d1959-
=245  10$aAlbert Cohen : $bDissonant Voices / $cJack I. Abecassis.
=264  \1$aBaltimore :$bJohns Hopkins University Press,$c2004.
=264  \3$aBaltimore, Md. :$bProject MUSE, $c2018
=264  \4$c&copy;2004.
=300  \\$a1 online resource (272 pages).
=336  \\$atext$btxt$2rdacontent
=337  \\$acomputer$bc$2rdamedia
=338  \\$aonline resource$bcr$2rdacarrier
=490  0\$aParallax
=506  0\$aOpen Access$fUnrestricted online access$2star
=588  \\$aDescription based on print version record.
=600  17$aCohen, Albert$cSchriftsteller.$2swd
=600  17$aCohen, Albert,$d1895-1981.$2fast$0(OCoLC)fst01717311
=600  16$aCohen, Albert,$d1895-$xCritique et interpretation.
=600  11$aCohen, Albert,$d1895-$xCriticism and interpretation.
=600  10$aCohen, Albert,$d1895-1981$xCriticism and interpretation.
=655  \7$aCriticism, interpretation, etc.$2fast$0(OCoLC)fst01411635
=655  \7$aElectronic books. $2local
=710  2\$aProject Muse.$edistributor
=830  \0$aBook collections on Project MUSE.
=856  40$zFull text available: $uhttps://muse.jhu.edu/book/60339/

