=LDR  01525cam a22004094a 4500
=001  musev2_60340
=003  MdBmJHUP
=005  20241011144350.0
=006  m\\\\\o\\d\\\\\\\\
=007  cr||||||||nn|n
=008  190726s2005\\\\mdu\\\\\o\\\\\\00\0\eng\d
=020  \\$a9781421427652
=020  \\$z9781421429373
=020  \\$z9780801880735
=035  \\$a(OCoLC)1048234544
=040  \\$aMdBmJHUP$cMdBmJHUP
=100  1\$aSchulkin, Jay$eVerfasserIn.$4aut
=245  10$aCurt Richter : $bA Life in the Laboratory / $cJay Schulkin.
=264  \1$aBaltimore$bJohns Hopkins University Press$c2005
=264  \3$aBaltimore, Md. :$bProject MUSE, $c2018
=264  \4$c&copy;2005
=300  \\$a1 online resource (208 pages): $bill.
=336  \\$atext$btxt$2rdacontent
=337  \\$acomputer$bc$2rdamedia
=338  \\$aonline resource$bcr$2rdacarrier
=500  \\$aIncludes bibliographical references (p. [147]-178) and index. - Description based on print version record.
=506  0\$aOpen Access$fUnrestricted online access$2star
=588  \\$aDescription based on print version record.
=650  \4$aPsychobiology, Experimental ; Maryland ; Biography.
=650  \4$aBehavior ; physiology ; Biography.
=650  \4$aBiological Clocks ; Biography.
=650  \4$aPsychology ; Biography.
=650  \4$aRichter, Curt Paul ; 1894-1988.
=655  \7$aElectronic books. $2local
=710  2\$aProject Muse.$edistributor
=830  \0$aBook collections on Project MUSE.
=856  40$zFull text available: $uhttps://muse.jhu.edu/book/60340/

