=LDR  01361cam a22003614a 4500
=001  musev2_60363
=003  MdBmJHUP
=005  20241011144405.0
=006  m\\\\\o\\d\\\\\\\\
=007  cr||||||||nn|n
=008  181011s2018\\\\xx\\\\\\o\\\\\\00\0\eng\d
=020  \\$a9781439918111
=020  \\$z1439918112
=035  \\$a(OCoLC)1048884452
=040  \\$aMdBmJHUP$cMdBmJHUP
=050  \4$aInternet Access$bAEU
=100  1\$aGreen.
=245  10$aOn Strike at Hormel : $bThe Struggle for a Democratic Labor Movement / $cGreen.
=264  \1$a[Place of publication not identified]$bTemple University Press,$c2018.
=264  \3$aBaltimore, Md. :$bProject MUSE, $c2018
=264  \4$c&copy;2018.
=300  \\$a1 online resource.
=336  \\$atext$btxt$2rdacontent
=337  \\$acomputer$bc$2rdamedia
=338  \\$aonline resource$bcr$2rdacarrier
=500  \\$aTitle from content provider.
=506  0\$aOpen Access$fUnrestricted online access$2star
=588  \\$aDescription based on print version record.
=655  \7$aElectronic books. $2local
=758  \\$ihas work:$aOn Strike at Hormel (Text)$1https://id.oclc.org/worldcat/entity/E39PCYqg4dfGHpK4GqBbYgwfRq$4https://id.oclc.org/worldcat/ontology/hasWork
=710  2\$aProject Muse.$edistributor
=830  \0$aBook collections on Project MUSE.
=856  40$zFull text available: $uhttps://muse.jhu.edu/book/60363/

