=LDR  02092cam a22004814a 4500
=001  musev2_60364
=003  MdBmJHUP
=005  20241011144406.0
=006  m\\\\\o\\d\\\\\\\\
=007  cr||||||||nn|n
=008  830624s1983\\\\pau\\\\\o\\\\\\00\0\eng\d
=020  \\$a9781439917985
=020  \\$z1439917981
=035  \\$a(OCoLC)1048886175
=040  \\$aMdBmJHUP$cMdBmJHUP
=100  1\$aParpart, Jane L.
=245  10$aLabor and Capital on the African Copperbelt / $cJane L. Parpart.
=264  \1$aPhiladelphia :$bTemple University Press,$c1983.
=264  \3$aBaltimore, Md. :$bProject MUSE, $c2018
=264  \4$c&copy;1983.
=300  \\$a1 online resource.
=336  \\$atext$btxt$2rdacontent
=337  \\$acomputer$bc$2rdamedia
=338  \\$aonline resource$bcr$2rdacarrier
=505  0\$aIntroduction -- The copper industry in the colonial period -- Labor supply and corporate strategy, 1926-1936 -- The politicization of Black labor: the 1935 strike -- The politicization of Black labor: the 1940 strike -- The struggle for Black worker representation -- The unionization of Black labor, 1947-1953 -- The neutralization of labor protest, 1953-1964 -- Conclusion.
=506  0\$aOpen Access$fUnrestricted online access$2star
=588  \\$aDescription based on print version record.
=650  \7$aLabor.$2fast$0(OCoLC)fst00989798
=650  \7$aCopper miners.$2fast$0(OCoLC)fst00878507
=650  \7$aClass consciousness.$2fast$0(OCoLC)fst00863425
=650  \7$aHISTORY$xSocial History.$2bisacsh
=650  \6$aMineurs de cuivre$zZambie$xHistoire.
=650  \6$aTravail$zZambie$xHistoire.
=650  \6$aConscience de classe$zZambie$xHistoire.
=650  \0$aCopper miners$zZambia$xHistory.
=650  \0$aLabor$zZambia$xHistory.
=650  \0$aClass consciousness$zZambia$xHistory.
=651  \7$aZambia.$2fast$0(OCoLC)fst01209422
=655  \7$aHistory.$2fast$0(OCoLC)fst01411628
=655  \7$aElectronic books. $2local
=710  2\$aProject Muse.$edistributor
=830  \0$aBook collections on Project MUSE.
=856  40$zFull text available: $uhttps://muse.jhu.edu/book/60364/

