=LDR  01714cam a22004454a 4500
=001  musev2_60365
=003  MdBmJHUP
=005  20241011144406.0
=006  m\\\\\o\\d\\\\\\\\
=007  cr||||||||nn|n
=008  850701s1985\\\\pau\\\\\o\\\\\\00\0\eng\d
=020  \\$a9781439917541
=020  \\$z143991754X
=035  \\$a(OCoLC)1048877416
=040  \\$aMdBmJHUP$cMdBmJHUP
=100  1\$aCohn, Samuel,$d1954-
=245  14$aThe Process of Occupational Sex-Typing : $bThe Feminization of Clerical Labor in Great Britain / $cSamuel Cohn.
=264  \1$aPhiladelphia :$bTemple University Press,$c1985.
=264  \3$aBaltimore, Md. :$bProject MUSE, $c2018
=264  \4$c&copy;1985.
=300  \\$a1 online resource.
=336  \\$atext$btxt$2rdacontent
=337  \\$acomputer$bc$2rdamedia
=338  \\$aonline resource$bcr$2rdacarrier
=506  0\$aOpen Access$fUnrestricted online access$2star
=588  \\$aDescription based on print version record.
=650  \7$aWomen$xEmployment.$2fast$0(OCoLC)fst01176715
=650  \7$aWomen clerks.$2fast$0(OCoLC)fst01177424
=650  \7$aSexual division of labor.$2fast$0(OCoLC)fst01114830
=650  \7$aHISTORY$xWomen.$2bisacsh
=650  \6$aEmployees de bureau$zGrande-Bretagne$xHistoire.
=650  \0$aSexual division of labor$zGreat Britain$xHistory.
=650  \0$aWomen clerks$zGreat Britain$xHistory.
=650  \0$aWomen$xEmployment$zGreat Britain$xHistory.
=651  \7$aGreat Britain.$2fast$0(OCoLC)fst01204623
=655  \7$aHistory.$2fast$0(OCoLC)fst01411628
=655  \7$aElectronic books. $2local
=710  2\$aProject Muse.$edistributor
=830  \0$aBook collections on Project MUSE.
=856  40$zFull text available: $uhttps://muse.jhu.edu/book/60365/

