=LDR  01867cam a22004574a 4500
=001  musev2_60366
=003  MdBmJHUP
=005  20241011144407.0
=006  m\\\\\o\\d\\\\\\\\
=007  cr||||||||nn|n
=008  840607s1984\\\\pau\\\\\o\\\\\\00\0\eng\d
=020  \\$a9781439917923
=020  \\$z1439917922
=035  \\$a(OCoLC)1048888238
=040  \\$aMdBmJHUP$cMdBmJHUP
=245  00$aSisterhood and Solidarity : $bWorkers' Education for Women, 1914-1984 / $cedited by Joyce L. Kornbluh and Mary Frederickson.
=264  \1$aPhiladelphia :$bTemple University Press,$c1984.
=264  \3$aBaltimore, Md. :$bProject MUSE, $c2018
=264  \4$c©1984.
=300  \\$a1 online resource: $billustrations
=336  \\$atext$btxt$2rdacontent
=337  \\$acomputer$bc$2rdamedia
=338  \\$aonline resource$bcr$2rdacarrier
=506  0\$aOpen Access$fUnrestricted online access$2star
=588  \\$aDescription based on print version record.
=650  \7$aWorking class women$xEducation.$2fast$0(OCoLC)fst01180573
=650  \7$aWorking class women.$2fast$0(OCoLC)fst01180569
=650  \7$aWomen labor union members.$2fast$0(OCoLC)fst01178089
=650  \7$aEDUCATION$xGeneral.$2bisacsh
=650  \6$aSyndiquees$zÉtats-Unis$xHistoire$y20e siecle.
=650  \0$aWorking class women$zUnited States$xHistory$y20th century.
=650  \0$aWorking class women$xEducation$zUnited States$xHistory$y20th century.
=650  \0$aWomen labor union members$zUnited States$xHistory$y20th century.
=651  \7$aUnited States.$2fast$0(OCoLC)fst01204155
=655  \7$aHistory.$2fast$0(OCoLC)fst01411628
=655  \7$aElectronic books. $2local
=700  1\$aKornbluh, Joyce L.
=700  1\$aFrederickson, Mary E.
=710  2\$aProject Muse.$edistributor
=830  \0$aBook collections on Project MUSE.
=856  40$zFull text available: $uhttps://muse.jhu.edu/book/60366/

