=LDR  03969cam a22005174a 4500
=001  musev2_60367
=003  MdBmJHUP
=005  20241011144407.0
=006  m\\\\\o\\d\\\\\\\\
=007  cr||||||||nn|n
=008  100317s1981\\\\pau\\\\\o\\\\\\00\0\eng\d
=020  \\$a9781439918043
=020  \\$z143991804X
=035  \\$a(OCoLC)1049427356
=040  \\$aMdBmJHUP$cMdBmJHUP
=245  00$aLabor Education for Women Workers / $cedited by Barbara Mayer Wertheimer.
=264  \1$aPhiladelphia :$bTemple University Press,$c1981.
=264  \3$aBaltimore, Md. :$bProject MUSE, $c2018
=264  \4$c©1981.
=300  \\$a1 online resource.
=336  \\$atext$btxt$2rdacontent
=337  \\$acomputer$bc$2rdamedia
=338  \\$aonline resource$bcr$2rdacarrier
=505  0\$aPreface / Walter G. Davis -- Foreword / Lois S. Gray -- Part I. Designing programs -- Labor education and women workers : an historical perspective / Joyce L. Kornbluh and Lyn Goldfarb -- Promoting and recruiting : reaching the target audience / Frieda Shoeberg Rozen -- The short course / Rochelle Semel -- Conferences : the one-day model / Joyce L. Kornbluh and Hy Kornbluh -- Training rank and file leaders : a case study / Marjorie B. Rachlin -- Credit programs for working women / Katherine Schrier -- Residential schools / Barbara M. Wertheimer -- Evaluating programs for working adults / Maria-Luz D. Samper and Stanley Rosen -- Part II. Methods and techniques -- Discussion method / Marjorie B. Rachlin -- Case studies : how to develop and use them / Gloria Busman -- Using oral history in the classroom / Alice M. Hoffman -- Games and other exercises / Anne H. Nelson -- Part III. Subjects and materials -- Labor history through field trips / William Adelman -- Training women for political action / Donna Mobley -- Grievance handling for women stewards / Ida Torres -- Occupational health and safety for women workers : some teaching models / Janet Bertinuson and Andrea M. Hricko -- Education for affirmative action : two union approaches / Gloria T. Johnson and Odessa Komer -- How to choose and use materials in education for women workers / James Wallihan -- Subjects and materials : how to handle controversy / Connie Kopelov -- Part IV. Funding programs -- How foundations view funding proposals on working women / Susan Vail Berresford -- Funding worker education through tuition refund plans / Mimi Abramovitz -- Part V. The larger view -- Labor education and women workers : an international comparison / Alice H. Cook and Roberta Till-Retz -- A summary discussion / Lawrence Rogin -- Appendix and index -- A resource on resources / James Wallihan.
=506  0\$aOpen Access$fUnrestricted online access$2star
=588  \\$aDescription based on print version record.
=650  17$aVakbeweging.$2gtt
=650  17$aWerkende vrouwen.$2gtt
=650  \7$aShop stewards$xTraining of.$2fast$0(OCoLC)fst01116875
=650  \7$aLabor unions$xOfficials and employees$xTraining of.$2fast$0(OCoLC)fst00990295
=650  \7$aIndustrial relations$xStudy and teaching.$2fast$0(OCoLC)fst00971647
=650  \7$aEDUCATION$xGeneral.$2bisacsh
=650  \6$aRelations industrielles$xÉtude et enseignement$zÉtats-Unis.
=650  \6$aDelegues du personnel$xFormation$zÉtats-Unis.
=650  \6$aSyndicats$xPersonnel$xFormation$zÉtats-Unis.
=650  \6$aFemmes dans les syndicats$xFormation$zÉtats-Unis.
=650  \0$aIndustrial relations$xStudy and teaching$zUnited States.
=650  \0$aShop stewards$xTraining of$zUnited States.
=650  \0$aLabor unions$xOfficials and employees$xTraining of$zUnited States.
=650  \0$aWomen labor union members$xTraining of$zUnited States.
=651  \7$aUnited States.$2fast$0(OCoLC)fst01204155
=655  \7$aElectronic books. $2local
=700  1\$aWertheimer, Barbara M.
=710  2\$aProject Muse.$edistributor
=830  \0$aBook collections on Project MUSE.
=856  40$zFull text available: $uhttps://muse.jhu.edu/book/60367/

