=LDR  04235cam a22006854a 4500
=001  musev2_60437
=003  MdBmJHUP
=005  20241011144454.0
=006  m\\\\\o\\d\\\\\\\\
=007  cr||||||||nn|n
=008  180704t20182018miu\\\\\o\\\\\\00\0\eng\d
=010  \\$z  2018032103
=020  \\$a9780472900862
=020  \\$z9780472124343
=020  \\$z9780472054039
=020  \\$z9780472074037
=035  \\$a(OCoLC)1037828274
=040  \\$aMdBmJHUP$cMdBmJHUP
=100  1\$aGonzales, Laura,$eauthor.
=245  10$aSites of Translation : $bWhat Multilinguals Can Teach Us about Digital Writing and Rhetoric / $cLaura Gonzales.
=264  \1$aAnn Arbor :$bUniversity of Michigan Press,$c2018.
=264  \3$aBaltimore, Md. :$bProject MUSE, $c2018
=264  \4$c&copy;2018.
=300  \\$a1 online resource (152 pages).
=336  \\$atext$btxt$2rdacontent
=337  \\$acomputer$bc$2rdamedia
=338  \\$aonline resource$bcr$2rdacarrier
=490  0\$aSweetland digital rhetoric collaborative
=505  0\$aTranslation Moments as a Framework for Studying Language Fluidity Coming into Translation -- Research Design -- Translation as a Multimodal Practice -- A Revised Rhetoric of Translation -- A Revised Rhetoric of Translation -- How Do Multilingual Students Navigate Translation? -- How Do Multilingual Professionals Translate? -- Using Translation Frameworks to Research, Teach, and Practice Multilingual/Multimodal Communication.
=506  0\$aOpen Access$fUnrestricted online access$2star
=520  \\$aWinner of the 2016 Sweetland Digital Rhetoric Collaborative Book Prize. Sites of Translation illustrates the intricate rhetorical work that multilingual communicators engage in as they translate information for their communities. Blending ethnographic and empirical methods from multiple disciplines, Laura Gonzales provides methodological examples of how linguistic diversity can be studied in practice, both in and outside the classroom, and provides insights into the rhetorical labor that is often unacknowledged and made invisible in multilingual communication. Sites of Translation is relevant to researchers and teachers of writing as well as technology designers interested in creating systems, pedagogies, and platforms that will be more accessible and useful to multilingual audiences. Gonzales presents multilingual communication as intellectual labor that should be further valued in both academic and professional spaces, and supported by multilingual technologies and pedagogies that center the expertise of linguistically diverse communicators.
=588  \\$aDescription based on print version record.
=650  \7$aTranslating and interpreting.$2fast$0(OCoLC)fst01154795
=650  \7$aMultilingual communication.$2fast$0(OCoLC)fst01749982
=650  \7$aLanguage and culture.$2fast$0(OCoLC)fst00992135
=650  \7$aTranslanguaging (Linguistics)$2fast$0(OCoLC)fst02002700
=650  \7$aCOMPUTERS$xDigital Media$xGeneral.$2bisacsh
=650  \7$aLANGUAGE ARTS & DISCIPLINES$xSpelling.$2bisacsh
=650  \7$aLANGUAGE ARTS & DISCIPLINES$xReaders.$2bisacsh
=650  \7$aLANGUAGE ARTS & DISCIPLINES$xLinguistics$xGeneral.$2bisacsh
=650  \7$aLANGUAGE ARTS & DISCIPLINES$xGrammar & Punctuation.$2bisacsh
=650  \7$aLANGUAGE ARTS & DISCIPLINES$xAlphabets & Writing Systems.$2bisacsh
=650  \7$aFOREIGN LANGUAGE STUDY$xMulti-Language Phrasebooks.$2bisacsh
=650  \7$aPhilosophy of language.$2bicssc
=650  \7$aLiterature: history & criticism.$2bicssc
=650  \7$aLanguage teaching & learning (other than ELT)$2bicssc
=650  \7$aGraphical & digital media applications.$2bicssc
=650  \6$aLangage et culture.
=650  \6$aCommunication multilingue.
=650  \6$aTranslanguaging.
=650  \0$aLanguage and culture.
=650  \0$aMultilingual communication.
=650  \0$aTranslanguaging (Linguistics)
=650  \0$aTranslating and interpreting.
=655  \7$aElectronic books. $2local
=710  2\$aProject Muse.$edistributor
=830  \0$aBook collections on Project MUSE.
=856  40$zFull text available: $uhttps://muse.jhu.edu/book/60437/
=945  \\$aProject MUSE - 2018 Complete
=945  \\$aProject MUSE - 2018 Language and Linguistics

