=LDR  02940cam a22005174a 4500
=001  musev2_60315
=003  MdBmJHUP
=005  20241011144333.0
=006  m\\\\\o\\d\\\\\\\\
=007  cr||||||||nn|n
=008  180822r20182014dcu\\\\\o\\\\\\00\0\eng\d
=020  \\$a9781421428512
=020  \\$z9781421414126
=020  \\$z9781421429120
=035  \\$a(OCoLC)1049800492
=040  \\$aMdBmJHUP$cMdBmJHUP
=043  \\$ae-uk---$aa-iq---
=050  \4$aU163$b.D476 2014
=082  0\$a355.4/2$223
=100  1\$aDeriglazova, L. V.$q(Larisa Valerʹevna),$eauthor.
=245  10$aGreat Powers, Small Wars : $bAsymmetric Conflict since 1945 / $cLarisa Deriglazova.
=264  \1$aBaltimore [Maryland] :$bJohns Hopkins University Press,$c[2014]
=264  \3$aBaltimore, Md. :$bProject MUSE, $c2018
=264  \4$c©[2014]
=300  \\$a1 online resource (408 pages): $billustrations
=336  \\$atext$btxt$2rdacontent
=337  \\$acomputer$bc$2rdamedia
=338  \\$aonline resource$bcr$2rdacarrier
=500  \\$aIssued as part of book collections on Project MUSE.
=504  \\$aIncludes bibliographical references and index.
=505  0\$aPreface : asymmetric conflicts : an equation with many unknowns -- Origin and development of the asymmetric conflict concept -- Identifying the asymmetry factor in armed conflicts -- The dissolution of the British Empire and asymmetric conflicts in dependencies -- The US war in Iraq, 2003-2009 -- Conclusion : analyzing asymmetric conflicts using the model.
=506  0\$aOpen Access$fUnrestricted online access$2star
=520  \\$aIn a sophisticated combination of quantitative research and two in-depth case studies, Larisa Deriglazova surveys armed conflicts post World War II in which one power is much stronger than the other. She then focuses on the experiences of British decolonization after World War II and the United States in the 2003 Iraq war. Great Powers, Small Wars employs several large databases to identify basic characteristics and variables of wars between enemies of disproportionate power. Case studies examine the economics, domestic politics, and international factors that ultimately shaped military events more than military capacity and strategy.
=588  \\$aDescription based on print version record.
=650  \0$aIraq War, 2003-2011.
=650  \0$aGreat powers$xHistory, Military$y21st century.
=650  \0$aGreat powers$xHistory, Military$y20th century.
=650  \0$aAsymmetric warfare$xHistory$y21st century.
=650  \0$aAsymmetric warfare$xHistory$y20th century.
=651  \0$aGreat Britain$xColonies$xHistory, Military$y20th century.
=655  \7$aElectronic books. $2local
=710  2\$aProject Muse,$edistributor.
=776  18$iPrint version:$w(DLC)  2013042522$z9781421429120
=710  2\$aProject Muse.$edistributor
=830  \0$aBook collections on Project MUSE.
=856  40$zFull text available: $uhttps://muse.jhu.edu/book/60315/

