=LDR  03024cam a22005294a 4500
=001  musev2_60322
=003  MdBmJHUP
=005  20241011144337.0
=006  m\\\\\o\\d\\\\\\\\
=007  cr||||||||nn|n
=008  180822r20182011dcu\\\\\o\\\\\\00\0\eng\d
=020  \\$a9781421428147
=020  \\$z9780801898587
=020  \\$z9780801898020
=020  \\$z9781421429403
=035  \\$a(OCoLC)1049797471
=040  \\$aMdBmJHUP$cMdBmJHUP
=043  \\$acl-----
=050  \4$aHV7434.L29$bU54 2011
=082  0\$a363.2/3098$222
=100  1\$aUngar, Mark,$eauthor.
=245  10$aPolicing Democracy : $bOvercoming Obstacles to Citizen Security in Latin America / $cMark Ungar.
=264  \1$aBaltimore, Maryland :$bJohns Hopkins University Press,$c[2011]
=264  \3$aBaltimore, Md. :$bProject MUSE, $c2018
=264  \4$c&copy;[2011]
=300  \\$a1 online resource (416 pages): $billustrations, maps
=336  \\$atext$btxt$2rdacontent
=337  \\$acomputer$bc$2rdamedia
=338  \\$aonline resource$bcr$2rdacarrier
=500  \\$aIssued as part of book collections on Project MUSE.
=504  \\$aIncludes bibliographical references (pages 343-365) and index.
=505  0\$aRealms of change and obstacles to citizen security reform -- Citizen security and democracy -- Honduras -- Bolivia -- Argentina -- Overcoming obstacles to reform.
=506  0\$aOpen Access$fUnrestricted online access$2star
=520  \\$aLatin America's crime rates are astonishing by any standard--the region's homicide rate is the world's highest. This crisis continually traps governments between the need for comprehensive reform and the public demand for immediate action, usually meaning iron-fisted police tactics harking back to the repressive pre-1980s dictatorships. In Policing Democracy, Mark Ungar situates Latin America at a crossroads between its longstanding form of reactive policing and a problem-oriented approach based on prevention and citizen participation. Drawing on extensive case studies from Argentina, Bolivia, and Honduras, he reviews the full spectrum of areas needing reform: criminal law, policing, investigation, trial practices, and incarceration. Finally, Policing Democracy probes democratic politics, power relations, and regional disparities of security and reform to establish a framework for understanding the crisis and moving beyond it.
=588  \\$aDescription based on print version record.
=650  \0$aViolence$zLatin America$xPrevention.
=650  \0$aViolence$zLatin America.
=650  \0$aPolice$zLatin America.
=650  \0$aCrime prevention$zLatin America$xCitizen participation.
=650  \0$aInternal security$zLatin America.
=650  \0$aCrime prevention$zLatin America.
=655  \7$aElectronic books. $2local
=710  2\$aProject Muse,$edistributor.
=776  18$iPrint version:$w(DLC)  2010045411$z9781421429403
=710  2\$aProject Muse.$edistributor
=830  \0$aBook collections on Project MUSE.
=856  40$zFull text available: $uhttps://muse.jhu.edu/book/60322/

