=LDR  02775cam a22004574a 4500
=001  musev2_60330
=003  MdBmJHUP
=005  20241011144344.0
=006  m\\\\\o\\d\\\\\\\\
=007  cr||||||||nn|n
=008  180822r20182014dcu\\\\\o\\\\\\00\0\eng\d
=020  \\$a9781421428499
=020  \\$z9781421411705
=020  \\$z9781421429175
=035  \\$a(OCoLC)1049797909
=040  \\$aMdBmJHUP$cMdBmJHUP
=050  \4$aHB883.5$b.K73 2014
=082  0\$a363.9/1$223
=100  1\$aKramer, Steven Philip,$eauthor.
=245  14$aThe Other Population Crisis : $bWhat Governments Can Do about Falling Birth Rates / $cSteven Philip Kramer.
=264  \1$aBaltimore [Maryland] :$bJohns Hopkins University Press,$c[2014]
=264  \3$aBaltimore, Md. :$bProject MUSE, $c2018
=264  \4$c&copy;[2014]
=300  \\$a1 online resource (192 pages).
=336  \\$atext$btxt$2rdacontent
=337  \\$acomputer$bc$2rdamedia
=338  \\$aonline resource$bcr$2rdacarrier
=500  \\$aIssued as part of book collections on Project MUSE.
=504  \\$aIncludes bibliographical references and index.
=505  0\$aSwedish population policy : the pronatalism of the left -- Demography in France : from national security to family-work reconciliation -- Italy : the absence of policy -- Japan : the politics of position taking -- Singapore : the failure of activism.
=506  0\$aOpen Access$fUnrestricted online access$2star
=520  \\$aIn many developed countries, population decline poses economic and social strains and may even threaten national security. Through historical-political case studies of Sweden, France, Italy, Japan, and Singapore, The Other Population Crisis explores the motivations, politics, programming, and consequences of national efforts to promote births. Steven Philip Kramer finds a significant government role in stopping declines in birth rates. Sweden's and France's pro-natalist programs, which have succeeded, share the characteristics of being universal, not means-tested, and based on gender equality and making it easy for women to balance work and family. The programs in Italy, Japan, and Singapore, which have failed so far, have not devoted sufficient resources consistently enough to make a difference and do not support gender equality and women's work-family balance, Kramer finds.
=588  \\$aDescription based on print version record.
=650  \0$aFamily policy$vCase studies.
=650  \0$aPopulation policy$vCase studies.
=655  \7$aElectronic books. $2local
=710  2\$aProject Muse,$edistributor.
=776  18$iPrint version:$w(DLC)  2013027954$z9781421429175
=710  2\$aProject Muse.$edistributor
=830  \0$aBook collections on Project MUSE.
=856  40$zFull text available: $uhttps://muse.jhu.edu/book/60330/

