=LDR  02184cam a22004094a 4500
=001  musev2_52160
=003  MdBmJHUP
=005  20241011133223.0
=006  m\\\\\o\\d\\\\\\\\
=007  cr||||||||nn|n
=008  170602s2015\\\\miu\\\\\o\\\\\\00\0\eng\d
=020  \\$a9780472900206
=020  \\$z9780472120970
=020  \\$z9780472036165
=035  \\$a(OCoLC)1049857439
=040  \\$aMdBmJHUP$cMdBmJHUP
=100  1\$aGoodman, Lauren Foss.
=245  12$aA Heart Beating Hard / $cLauren Foss Goodman.
=264  \1$aAnn Arbor :$bUniversity Of Michigan Press,$c2015.
=264  \3$aBaltimore, Md. :$bProject MUSE, $c2018
=264  \4$c&copy;2015.
=300  \\$a1 online resource (246 pages).
=336  \\$atext$btxt$2rdacontent
=337  \\$acomputer$bc$2rdamedia
=338  \\$aonline resource$bcr$2rdacarrier
=490  0\$aTwenty-first century prose series
=506  0\$aOpen Access$fUnrestricted online access$2star
=520  \\$aA Heart Beating Hard is about looking long and deep into the invisible life of a person we too often pass by. It is the story of Marjorie, who works in the Store and does her best to go on with the days; of Margie, growing up in Apartment #2 with the sounds of Ma and Gram and Him all around; and of Marge, who should never have been, who should have been helped. In A Heart Beating Hard, we see how Marjorie manages to go on with the days, how even in the bright lights and grabbing hands of the outside world, inside, Marjorie knows how to take care of her self and her secrets. It is a story about the passed-along People, about how we are the same and how we are different, about how we become who we are and how we protect our most private places from the cold glare of all that we cannot control.
=588  \\$aDescription based on print version record.
=650  \7$aAmerican fiction.$2fast$0(OCoLC)fst00807048
=650  \7$aFICTION$xGeneral.$2bisacsh
=650  \6$aRoman americain$y20e siecle.
=650  \0$aAmerican fiction$y20th century.
=655  \7$aElectronic books. $2local
=710  2\$aProject Muse.$edistributor
=830  \0$aBook collections on Project MUSE.
=856  40$zFull text available: $uhttps://muse.jhu.edu/book/52160/

