=LDR  04916cam a22007814a 4500
=001  musev2_60817
=003  MdBmJHUP
=005  20241011144918.0
=006  m\\\\\o\\d\\\\\\\\
=007  cr||||||||nn|n
=008  170302t20172017mau\\\\\o\\\\\\00\0\eng\d
=010  \\$z  2016009390
=020  \\$a9780262335461
=020  \\$z0262335468
=020  \\$z0262035219
=020  \\$z9780262035217
=035  \\$a(OCoLC)1053530393
=040  \\$aMdBmJHUP$cMdBmJHUP
=100  1\$aHippel, Eric von,$eauthor.
=245  10$aFree Innovation / $cEric von Hippel.
=264  \1$aCambridge, Massachusetts :$bThe MIT Press,$c[2017]
=264  \3$aBaltimore, Md. :$bProject MUSE, $c2018
=264  \4$c©[2017]
=300  \\$a1 online resource: $billustrations
=336  \\$atext$btxt$2rdacontent
=337  \\$acomputer$bc$2rdamedia
=338  \\$aonline resource$bcr$2rdacarrier
=505  0\$a1. Overview of free innovation -- 2. Evidence for free innovation -- 3. Viability zones for free innovation -- 4. Pioneering by free innovators -- 5. Diffusion shortfall in free innovation -- 6. Division of labor between free innovators and producers -- 7. Tightening the loop between free innovators and producers -- 8. The broad scope of free innovation -- 9. Personality traits of successful free innovators -- 10. Preserving free innovators' legal rights -- 11. Next steps for free innovation research and practice -- Appendix 1: Household sector innovation questionnaire -- Appendix 2: Modeling free innovation's impacts on markets and welfare -- References -- Index.
=506  0\$aOpen Access$fUnrestricted online access$2star
=520  3\$a"This book integrates new theory and research findings into the framework of a 'free innovation paradigm.' Free innovation, as he defines it, involves innovations developed by consumers who are self-rewarded for their efforts, and who give their designs away 'for free.' It is an inherently simple grassroots innovation process, unencumbered by compensated transactions and intellectual property rights. Free innovation is already widespread in national economies and is steadily increasing in both scale and scope. Today, tens of millions of consumers are collectively spending tens of billions of dollars annually on innovation development. However, because free innovations are developed during consumers' unpaid, discretionary time and are given away rather than sold, their collective impact and value have until very recently been hidden from view. This has caused researchers, governments, and firms to focus too much on the Schumpeterian idea of innovation as a producer-dominated activity. Free innovation has both advantages and drawbacks. Because free innovators are self-rewarded by such factors as personal utility, learning, and fun, they often pioneer new areas before producers see commercial potential. At the same time, because they give away their innovations, free innovators generally have very little incentive to invest in diffusing what they create, which reduces the social value of their efforts. The best solution, von Hippel and his colleagues argue, is a division of labor between free innovators and producers, enabling each to do what they do best. The result will be both increased producer profits and increased social welfare -- a gain for all."--Provided by publisher.
=588  \\$aDescription based on print version record.
=650  \7$aArbeitsteilung$2gnd
=650  \7$aUnternehmergewinn$2gnd
=650  \7$aSoziale Wohlfahrt$2gnd
=650  \7$aAnreiz$2gnd
=650  \7$aEigentum$2gnd
=650  \7$aÖffentliches Gut$2gnd
=650  \7$aGratisangebot$2gnd
=650  \7$aInnovation$2gnd
=650  \7$aTechnological innovations$xEconomic aspects.$2fast$0(OCoLC)fst01145010
=650  \7$aInventors.$2fast$0(OCoLC)fst00978052
=650  \7$aEntrepreneurship.$2fast$0(OCoLC)fst00912787
=650  \7$aEconomics.$2fast$0(OCoLC)fst00902116
=650  \7$aInventions & inventors.$2bicssc
=650  \7$aEntrepreneurship.$2bicssc
=650  \7$aentrepreneurs.$2aat
=650  \7$aeconomics.$2aat
=650  \7$ainventors.$2aat
=650  \6$aEntrepreneuriat.
=650  \6$aÉconomie politique.
=650  \6$aInnovations$xDiffusion.
=650  \6$aInventeurs.
=650  \6$aInnovations$xAspect economique.
=650  \1$aEntrepreneurship.
=650  \1$aTechnological innovations$xEconomic aspects.
=650  \1$aInventors.
=650  \1$aEconomics.
=650  \1$aInnovations.
=650  \0$aEntrepreneurship.
=650  \0$aEconomics.
=650  \0$aDiffusion of innovations.
=650  \0$aInventors.
=650  \0$aTechnological innovations$xEconomic aspects.
=630  07$aInnovations.$2fast$0(OCoLC)fst01401673
=655  \7$aElectronic books. $2local
=710  2\$aProject Muse.$edistributor
=830  \0$aBook collections on Project MUSE.
=856  40$zFull text available: $uhttps://muse.jhu.edu/book/60817/

