=LDR  04293cam a22006254a 4500
=001  musev2_60818
=003  MdBmJHUP
=005  20241011144918.0
=006  m\\\\\o\\d\\\\\\\\
=007  cr||||||||nn|n
=008  170525s2017\\\\mau\\\\\o\\\\\\00\0\eng\d
=010  \\$z  2017008607
=020  \\$a9780262343664
=020  \\$z0262343665
=020  \\$z9780262037143
=035  \\$a(OCoLC)1053340885
=040  \\$aMdBmJHUP$cMdBmJHUP
=100  1\$aPalfrey, John,$d1972-$eauthor.
=245  10$aSafe Spaces, Brave Spaces : $bDiversity and Free Expression in Education / $cJohn Palfrey ; foreword by Alberto Ibargüen.
=264  \1$aCambridge, Massachusetts :$bThe MIT Press,$c[2017]
=264  \3$aBaltimore, Md. :$bProject MUSE, $c2018
=264  \4$c©[2017]
=300  \\$a1 online resource.
=336  \\$atext$btxt$2rdacontent
=337  \\$acomputer$bc$2rdamedia
=338  \\$aonline resource$bcr$2rdacarrier
=505  00$gForeword /$rAlberto Ibargüen --$gIntroduction --$tFlashpoints --$tThe case for diversity --$tThe case for free expression --$tThe hard problem of hate speech --$tFree press and freedom of assembly --$tWhy the diversity and free expression debate matters.
=506  0\$aOpen Access$fUnrestricted online access$2star
=520  \\$a"Safe spaces, trigger warnings, microagressions, the disinvitation of speakers, demands to rename campus landmarks -- debate over these issues began in lecture halls and on college quads but ended up on op-ed pages in the New York Times and the Wall Street Journal, on cable news, and on social media. Some of these critiques had merit, but others took a series of cheap shots at 'crybullies' who needed to be coddled and protected from the real world. Few questioned the assumption that colleges must choose between free expression and diversity. In [this book, the author] argues that the essential democratic values of diversity and free expression can, and should, coexist on campus. [The author] writes that free expression and diversity are more compatible than opposed. Free expression can serve everyone -- even if it has at times been dominated by white, male, Christian, heterosexual, able-bodied citizens. Diversity is about self-expression, learning from one another, and working together across differences; it can encompass academic freedom without condoning hate speech. [The author] proposes an innovative way to support both diversity and free expression on campus: creating safe spaces and brave spaces. In safe spaces, students can explore ideas and express themselves with without feeling marginalized. In brave spaces -- classrooms, lecture halls, public forums -- the search for knowledge is paramount, even if some discussions may make certain students uncomfortable. The strength of our democracy ... depends on a commitment to upholding both diversity and free expression, especially when it is hardest to do so."--$cProvided by publisher.
=588  \\$aDescription based on print version record.
=650  \7$aBildungsbarriere$2gnd
=650  \7$aMultikulturelle Gesellschaft$2gnd
=650  \7$aRedefreiheit$2gnd
=650  \7$aAkademische Freiheit$2gnd
=650  \7$aUnterricht$2gnd
=650  \7$aMeinungsfreiheit$2gnd
=650  \7$aTeaching$xSocial aspects.$2fast$0(OCoLC)fst01144616
=650  \7$aMulticultural education.$2fast$0(OCoLC)fst01028816
=650  \7$aFreedom of speech.$2fast$0(OCoLC)fst00934044
=650  \7$aEducational equalization.$2fast$0(OCoLC)fst00903418
=650  \7$aAcademic freedom.$2fast$0(OCoLC)fst00794987
=650  \6$aDemocratisation de l'enseignement$zÉtats-Unis.
=650  \6$aÉducation interculturelle$zÉtats-Unis.
=650  \6$aLiberte d'expression$zÉtats-Unis.
=650  \6$aLiberte de l'enseignement$zÉtats-Unis.
=650  \0$aTeaching$xSocial aspects$zUnited States.
=650  \0$aEducational equalization$zUnited States.
=650  \0$aMulticultural education$zUnited States.
=650  \0$aFreedom of speech$zUnited States.
=650  \0$aAcademic freedom$zUnited States.
=651  \7$aUnited States.$2fast$0(OCoLC)fst01204155
=655  \7$aElectronic books. $2local
=710  2\$aProject Muse.$edistributor
=830  \0$aBook collections on Project MUSE.
=856  40$zFull text available: $uhttps://muse.jhu.edu/book/60818/

