=LDR  03311cam a22005054a 4500
=001  musev2_60819
=003  MdBmJHUP
=005  20241011144919.0
=006  m\\\\\o\\d\\\\\\\\
=007  cr||||||||nn|n
=008  190726s2018\\\\mau\\\\\o\\\\\\00\0\eng\d
=020  \\$a9780262348010
=020  \\$z0262348012
=020  \\$z9780262038430
=035  \\$a(OCoLC)1053169862
=040  \\$aMdBmJHUP$cMdBmJHUP
=100  1\$aHartnoll, Sean$eVerfasserIn.$4aut
=245  10$aHolographic Quantum Matter / $cSean A. Hartnoll, Andrew Lucas, and Subir Sachdev
=264  \1$aLondon, England$bThe MIT Press$c[2018]
=264  \3$aBaltimore, Md. :$bProject MUSE, $c2018
=264  \4$c&copy;[2018]
=300  \\$a1 online resource: $bIllustrationen, Diagramme (schwarz-weiss)
=336  \\$atext$btxt$2rdacontent
=337  \\$acomputer$bc$2rdamedia
=338  \\$aonline resource$bcr$2rdacarrier
=506  0\$aOpen Access$fUnrestricted online access$2star
=520  \\$a"Holographic Quantum Matter describes a new field that has emerged in the past decade at the interface of condensed matter physics and quantum gravity. Experimental discoveries in condensed matter have led to the identification of numerous materials--like high temperature superconductors (HTS)--in which the collective motion of electrons requires deeper understand of quantum effects at large length scales. HTS's act as a "strange metal" in which the charge and energy is not carried by quasiparticles. In the meantime, studies of quantum gravity using string theory led to a major breakthrough with the identification of a mathematical tool known as the holographic correspondence. The authors describe the developments that followed with the realization that states of quantum matter without quasiparticle excitations are precisely those that are efficiently described by the holographic correspondence. The book is addressed to graduate students in theoretical physics, especially those specializing in condensed matter, string theory, or quantum field theory. It presents the necessary background in the study of quantum matter and in string theory, so that students in both fields are apprised of recent developments in the other field. It connects this introductory discussion to what are the most important recent developments. It provides the tools and motivation for performing holographic computations. And it explains how the salient technical results from holographic studies have led to new insights into quantum matter"-
=588  \\$aDescription based on print version record.
=650  \7$aHolography$2fast$0(OCoLC)fst00958938
=650  \7$aDuality (Nuclear physics)$2fast$0(OCoLC)fst00899252
=650  \7$aCondensed matter$2fast$0(OCoLC)fst00874443
=650  \6$aDualite (Physique nucleaire)
=650  \6$aMatiere condensee.
=650  \4$aCondensed matter
=650  \4$aDuality (Nuclear physics)
=650  \4$aHolography
=650  \0$aHolography.
=650  \0$aDuality (Nuclear physics)
=650  \0$aCondensed matter.
=655  \7$aElectronic books. $2local
=700  1\$aSachdev, Subir$d1961-$eVerfasserIn.$4aut
=700  1\$aLucas, Andrew$eVerfasserIn.$4aut
=710  2\$aProject Muse.$edistributor
=830  \0$aBook collections on Project MUSE.
=856  40$zFull text available: $uhttps://muse.jhu.edu/book/60819/

