=LDR  02682cam a22004214a 4500
=001  musev2_60820
=003  MdBmJHUP
=005  20241011144920.0
=006  m\\\\\o\\d\\\\\\\\
=007  cr||||||||nn|n
=008  220303s2009\\\\xx\\\\\\o\\\\\\00\0\eng\d
=020  \\$a9780262258975
=020  \\$z0262258978
=020  \\$z9780262513609
=035  \\$a(OCoLC)1053420322
=040  \\$aMdBmJHUP$cMdBmJHUP
=100  1\$aKahne, Joseph$eVerfasserIn.$4aut
=245  10$aThe Civic Potential of Video Games
=264  \1$aCambridge$bThe MIT Press$c2009
=264  \3$aBaltimore, Md. :$bProject MUSE, $c2018
=264  \4$c&copy;2009
=300  \\$a1 online resource.
=336  \\$atext$btxt$2rdacontent
=337  \\$acomputer$bc$2rdamedia
=338  \\$aonline resource$bcr$2rdacarrier
=490  0\$aThe John D. and Catherine T. MacArthur Foundation reports on digital media and learning
=506  0\$aOpen Access$fUnrestricted online access$2star
=520  \\$aThis report focuses on the civic aspects of video game play among youth. According to a 2006 survey, 58 percent of young people aged 15 to 25 were civically "disengaged," meaning that they participated in fewer than two types of either electoral activities (defined as voting, campaigning, etc.) or civic activities (for example, volunteering). Kahne and his coauthors are interested in what role video games may or may not play in this disengagement.Until now, most research in the field has considered how video games relate to children's aggression and to academic learning. Digital media scholars suggest, however, that other social outcomes also deserve attention. For example, as games become more social, some scholars argue that they can be important spheres in which to foster civic development. Others disagree, suggesting that games, along with other forms of Internet involvement, may in fact take time away from civic and political engagement. Drawing on data from the 2006 survey, the authors examine the relationship between video game play and civic development. They call for further research on teen gaming experiences so that we can understand and promote civic engagement through video games.
=546  \\$aEnglish.
=588  \\$aDescription based on print version record.
=650  \4$aImpact of science & technology on society.
=650  \4$aEducational equipment & technology, computer-aided learning (CAL)
=655  \7$aElectronic books. $2local
=700  1\$aEvans, Chris$eVerfasserIn.$4aut
=700  1\$aMiddaugh, Ellen$eVerfasserIn.$4aut
=710  2\$aProject Muse.$edistributor
=830  \0$aBook collections on Project MUSE.
=856  40$zFull text available: $uhttps://muse.jhu.edu/book/60820/

