=LDR  01206cam a22003614a 4500
=001  musev2_60821
=003  MdBmJHUP
=005  20241011144920.0
=006  m\\\\\o\\d\\\\\\\\
=007  cr||||||||nn|n
=008  190205nuuuuuuuuxx\\\\\\o\\\\\\00\0\eng\d
=020  \\$a9780262342322
=020  \\$z9780262533904
=020  \\$z0262342324
=035  \\$a(OCoLC)1053130583
=040  \\$aMdBmJHUP$cMdBmJHUP
=100  1\$aClapperton Chakanetsa Mavhunga.
=245  10$aWhat Do Science, Technology, and Innovation Mean from Africa?
=264  \1$c2017
=264  \3$aBaltimore, Md. :$bProject MUSE, $c2018
=264  \4$c&copy;2017
=300  \\$a1 online resource.
=336  \\$atext$btxt$2rdacontent
=337  \\$acomputer$bc$2rdamedia
=338  \\$aonline resource$bcr$2rdacarrier
=506  0\$aOpen Access$fUnrestricted online access$2star
=588  \\$aDescription based on print version record.
=600  14$aGeneral Topics for Engineers.
=655  \7$aElectronic books. $2local
=773  0\$tOAPEN (Open Access Publishing in European Networks).$dOAPEN
=710  2\$aProject Muse.$edistributor
=830  \0$aBook collections on Project MUSE.
=856  40$zFull text available: $uhttps://muse.jhu.edu/book/60821/

