=LDR  02804cam a22005894a 4500
=001  musev2_60822
=003  MdBmJHUP
=005  20241011144921.0
=006  m\\\\\o\\d\\\\\\\\
=007  cr||||||||nn|n
=008  150319s2015\\\\mau\\\\\o\\\\\\00\0\eng\d
=010  \\$z  2014031506
=020  \\$a9780262328814
=020  \\$z026232881X
=020  \\$z9780262028769
=035  \\$a(OCoLC)1053419018
=040  \\$aMdBmJHUP$cMdBmJHUP
=100  1\$aNelson, Andrew J.,$eauthor.
=245  14$aThe Sound of Innovation : $bStanford and the Computer Music Revolution / $cAndrew J. Nelson.
=264  \1$aLondon, England :$bThe MIT Press,$c[2015]
=264  \3$aBaltimore, Md. :$bProject MUSE, $c2018
=264  \4$c&copy;[2015]
=300  \\$a1 online resource: $billustrations
=336  \\$atext$btxt$2rdacontent
=337  \\$acomputer$bc$2rdamedia
=338  \\$aonline resource$bcr$2rdacarrier
=490  0\$aInside technology
=505  0\$aAcknowledgments; 1 Introduction; 2 Setting the Stage; 3 The First Movement; 4 Tension and Release; 5 Duet for Stanford and Yamaha; 6 From Exposition to Development; 7 Plucking the Golden Gate Bridge; 8 Recapitulation and Variations; 9 Coda; Appendix: Interviews Conducted by Author; Notes; References; Index.
=506  0\$aOpen Access$fUnrestricted online access$2star
=520  \\$aHow a team of musicians, engineers, computer scientists, and psychologists developed computer music as an academic field and ushered in the era of digital music.
=588  \\$aDescription based on print version record.
=610  27$aStanford University$bCenter for Computer Research in Music and Acoustics$2gnd
=610  27$aStanford University.$bCenter for Computer Research in Music and Acoustics.$2fast$0(OCoLC)fst00597138
=610  20$aStanford University.$bCenter for Computer Research in Music and Acoustics.
=650  \7$aComputermusik$2gnd
=650  \7$aMusic$xComputer programs.$2fast$0(OCoLC)fst01030303
=650  \7$aMusic and technology.$2fast$0(OCoLC)fst01030490
=650  \7$aComputer music.$2fast$0(OCoLC)fst00872274
=650  \7$aMUSIC$xGeneral.$2bisacsh
=650  \7$aMUSIC$xPrinted Music$xPercussion.$2bisacsh
=650  \7$aMUSIC$xMusical Instruments$xPiano & Keyboard.$2bisacsh
=650  \6$aMusique et technologie$xHistoire.
=650  \6$aMusique$xLogiciels$xHistoire.
=650  \0$aMusic and technology$xHistory.
=650  \0$aMusic$xComputer programs$xHistory.
=650  \0$aComputer music$xHistory and criticism.
=655  \7$aHistory.$2fast$0(OCoLC)fst01411628
=655  \7$aCriticism, interpretation, etc.$2fast$0(OCoLC)fst01411635
=655  \7$aElectronic books. $2local
=710  2\$aProject Muse.$edistributor
=830  \0$aBook collections on Project MUSE.
=856  40$zFull text available: $uhttps://muse.jhu.edu/book/60822/

