=LDR  02742cam a22005894a 4500
=001  musev2_60823
=003  MdBmJHUP
=005  20241011144921.0
=006  m\\\\\o\\d\\\\\\\\
=007  cr||||||||nn|n
=008  091109s2009\\\\mau\\\\\o\\\\\\00\0\eng\d
=020  \\$a9780262258951
=020  \\$z0262258951
=020  \\$z9780262513623
=035  \\$a(OCoLC)1053609549
=040  \\$aMdBmJHUP$cMdBmJHUP
=100  1\$aJenkins, Henry,$d1958-
=245  10$aConfronting the Challenges of Participatory Culture : $bMedia Education for the 21st Century / $cHenry Jenkins ; with Ravi Purushotma [and others].
=264  \1$aCambridge, Mass. :$bMIT Press,$c2009.
=264  \3$aBaltimore, Md. :$bProject MUSE, $c2018
=264  \4$c©2009.
=300  \\$a1 online resource.
=336  \\$atext$btxt$2rdacontent
=337  \\$acomputer$bc$2rdamedia
=338  \\$aonline resource$bcr$2rdacarrier
=490  0\$aThe John D. and Catherine T. MacArthur Foundation Reports on Digital Media and Learning
=505  0\$aExecutive summary -- The needed skills in the new media culture -- Enabling participation -- Why we should teach media literacy: three core problems -- What should we teach? rethinking literacy -- Core media literacy skills -- Who should respond? a systemic approach to media education -- The challenge ahead: ensuring that all benefit from the expanding media landscape.
=506  0\$aOpen Access$fUnrestricted online access$2star
=520  \\$aShifting the conversation about the "digital divide" from questions of technological access to questions about opportunities for being involved in participatory culture and acquiring the necessary skills.
=546  \\$aEnglish.
=588  \\$aDescription based on print version record.
=650  \7$aMedienkompetenz.$2idszbz
=650  \7$aMedienpädagogik.$2idszbz
=650  \7$aMassenmedien.$2idszbz
=650  17$aAudiovisuele vorming.$2gtt
=650  17$aMassamedia.$2gtt
=650  \7$aMedia literacy$xStudy and teaching.$2fast$0(OCoLC)fst01013579
=650  \7$aMedia literacy.$2fast$0(OCoLC)fst01013578
=650  \7$aMass media in education.$2fast$0(OCoLC)fst01011397
=650  \7$aMass media and culture.$2fast$0(OCoLC)fst01011339
=650  \6$aÉducation aux medias.
=650  \6$aÉducation aux medias$xÉtude et enseignement.
=650  \6$aMedias et culture.
=650  \6$aMedias en education.
=650  \0$aMass media in education.
=650  \0$aMass media and culture.
=650  \0$aMedia literacy$xStudy and teaching.
=650  \0$aMedia literacy.
=655  \7$aElectronic books. $2local
=710  2\$aProject Muse.$edistributor
=830  \0$aBook collections on Project MUSE.
=856  40$zFull text available: $uhttps://muse.jhu.edu/book/60823/

