=LDR  02980cam a22005294a 4500
=001  musev2_60824
=003  MdBmJHUP
=005  20241011144922.0
=006  m\\\\\o\\d\\\\\\\\
=007  cr||||||||nn|n
=008  100423s2010\\\\mau\\\\\o\\\\\\00\0\eng\d
=010  \\$z  2009028867
=020  \\$a9780262265881
=020  \\$z0262265885
=020  \\$z9780262514293
=035  \\$a(OCoLC)1045530751
=040  \\$aMdBmJHUP$cMdBmJHUP
=100  1\$aMahajan, Sanjoy,$d1969-
=245  10$aStreet-Fighting Mathematics : $bThe Art of Educated Guessing and Opportunistic Problem Solving / $cSanjoy Mahajan ; foreword by Carver A. Mead.
=264  \1$aCambridge, Mass. :$bMIT Press,$c2010.
=264  \3$aBaltimore, Md. :$bProject MUSE, $c2018
=264  \4$c&copy;2010.
=300  \\$a1 online resource: $billustrations
=336  \\$atext$btxt$2rdacontent
=337  \\$acomputer$bc$2rdamedia
=338  \\$aonline resource$bcr$2rdacarrier
=505  0\$aForeword -- Preface -- 1 Dimensions -- 2 Easy cases -- 3 Lumping -- 4 Pictorial proofs -- 5 Taking out the big part -- 6 Analogy -- Bibliography -- Index.
=506  0\$aOpen Access$fUnrestricted online access$2star
=520  \\$a"In Street-Fighting Mathematics, Sanjoy Mahajan builds, sharpens, and demonstrates tools for educated guessing and down-and-dirty, opportunistic problem solving across diverse fields of knowledge - from mathematics to management. Mahajan describes six tools: dimensional analysis, easy cases, lumping, picture proofs, successive approximation, and reasoning by analogy. Illustrating each tool with numerous examples, he carefully separates the tool - the general principle - from the particular application so that the reader can most easily grasp the tool itself to use on problems of particular interest." "Street-Fighting Mathematics grew out of a short course taught by the author at MIT for students ranging from first-year undergraduates to graduate students ready for careers in physics, mathematics, management, electrical engineering, computer science, and biology. They benefited from an approach that avoided rigor and taught them how to use mathematics to solve real problems."--Jacket.
=588  \\$aDescription based on print version record.
=650  \7$aProblem solving.$2fast$0(OCoLC)fst01077890
=650  \7$aHypothesis.$2fast$0(OCoLC)fst00966093
=650  \7$aEstimation theory.$2fast$0(OCoLC)fst00915531
=650  \7$aMATHEMATICS$xEssays.$2bisacsh
=650  \7$aMATHEMATICS$xReference.$2bisacsh
=650  \7$aMATHEMATICS$xPre-Calculus.$2bisacsh
=650  \6$aTheorie de l'estimation.
=650  \6$aHypothese.
=650  \6$aResolution de probleme.
=650  \2$aProblem Solving
=650  \0$aEstimation theory.
=650  \0$aHypothesis.
=650  \0$aProblem solving.
=655  \7$aElectronic books. $2local
=710  2\$aProject Muse.$edistributor
=830  \0$aBook collections on Project MUSE.
=856  40$zFull text available: $uhttps://muse.jhu.edu/book/60824/

