=LDR  03250cam a22004094a 4500
=001  musev2_60825
=003  MdBmJHUP
=005  20241011144922.0
=006  m\\\\\o\\d\\\\\\\\
=007  cr||||||||nn|n
=008  200609p20102019xx\\\\\\o\\\\\\00\0\eng\d
=020  \\$a9780262266581
=020  \\$z026226658X
=020  \\$z9780262514750
=035  \\$a(OCoLC)1053150983
=040  \\$aMdBmJHUP$cMdBmJHUP
=100  1\$aMetzger, Miriam J.,$eauthor.
=245  10$aKids and Credibility : $bAn Empirical Examination of Youth, Digital Media Use, and Information Credibility / $cMiriam J. Metzger, Andrew J. Flanagin.
=264  \1$a[Place of publication not identified] :$bThe MIT Press Open,$c2010.
=264  \3$aBaltimore, Md. :$bProject MUSE, $c2018
=264  \4$c&copy;2010.
=300  \\$a1 online resource.
=336  \\$atext$btxt$2rdacontent
=337  \\$acomputer$bc$2rdamedia
=338  \\$aonline resource$bcr$2rdacarrier
=506  0\$aOpen Access$fUnrestricted online access$2star
=520  \\$aFindings from a survey of youthful Internet users that was designed to assess kids' beliefs about the credibility of online information. How well do children navigate the ocean of information that is available online? The enormous variety of Web-based resources represents both opportunities and challenges for Internet-savvy kids, offering extraordinary potential for learning and social connection but little guidance on assessing the reliability of online information. This book reports on the first large-scale survey to examine children's online information-seeking strategies and their beliefs about the credibility of that information. This Web-based survey of 2,747 children, ages 11 to 18 (and their parents), confirms children's heavy reliance on the Internet. They are concerned about the credibility of online information, but 89 percent believe that "some" to "a lot" of it is believable; and, choosing among several options, they rate the Internet as the most believable information source for entertainment, commercial products, and schoolwork (more credible than books for papers or projects). Most have more faith information found on Wikipedia more than they say others should; and they consider an article on the Web site of Encyclopedia Britannica more believable than the identical article found on Wikipedia. Other findings show that children are appropriately skeptical of trusting strangers they meet online, but not skeptical enough about entertainment and health information found online. Older kids are more rigorous in their assessment of online information than younger ones; younger children are less analytical and more likely to be fooled. With Ethan Hartsell, Alex Markov, Ryan Medders, Rebekah Pure and Elisia Choi
=588  \\$aDescription based on print version record.
=650  \7$aEducation$2fast$0(OCoLC)fst00902499
=650  \7$aTechnology & Engineering$xSocial Aspects.$2bisacsh
=650  \7$aEducation$xComputers & Technology.$2bisacsh
=650  \0$aEducation.
=655  \7$aElectronic books. $2local
=700  1\$aFlanagin, Andrew J.,$eauthor.
=710  2\$aProject Muse.$edistributor
=830  \0$aBook collections on Project MUSE.
=856  40$zFull text available: $uhttps://muse.jhu.edu/book/60825/

