=LDR  02306cam a22005054a 4500
=001  musev2_60826
=003  MdBmJHUP
=005  20241011144923.0
=006  m\\\\\o\\d\\\\\\\\
=007  cr||||||||nn|n
=008  090629s2010\\\\mau\\\\\o\\\\\\00\0\eng\d
=020  \\$a9780262288255
=020  \\$z0262288257
=020  \\$z9780262513692
=035  \\$a(OCoLC)1053126293
=040  \\$aMdBmJHUP$cMdBmJHUP
=100  1\$aGee, James Paul.
=245  10$aNew Digital Media and Learning as an Emerging Area and "Worked Examples" as One Way Forward / $cJames Paul Gee.
=264  \1$aCambridge, Mass. :$bThe MIT Press,$c2010.
=264  \3$aBaltimore, Md. :$bProject MUSE, $c2018
=264  \4$c©2010.
=300  \\$a1 online resource: $bill.
=336  \\$atext$btxt$2rdacontent
=337  \\$acomputer$bc$2rdamedia
=338  \\$aonline resource$bcr$2rdacarrier
=490  0\$aThe John D. and Catherine T. Macarthur Foundation reports on digital media and learning
=500  \\$aBibliographic Level Mode of Issuance: Monograph.
=505  0\$aDigital media and learning: an emerging what? -- How we got here and where we are -- The new literacy studies -- Situated cognition -- The new literacies studies -- New media literacy studies -- Influence -- Worked examples: a proposal about how to move forward -- Exemplars -- Worked examples -- Worked examples (in a new sense) as a way forward -- A worked example example -- Worked example: Yu-Gi-Oh -- Analysis and methods.
=506  0\$aOpen Access$fUnrestricted online access$2star
=520  \\$aA proposal to move the academic area of digital media and learning toward more coherence.
=546  \\$aEnglish.
=588  \\$aDescription based on print version record.
=650  \7$aMedia literacy.$2fast$0(OCoLC)fst01013578
=650  \7$aMass media in education.$2fast$0(OCoLC)fst01011397
=650  \7$aDigital media.$2fast$0(OCoLC)fst00893716
=650  \6$aÉducation aux medias.
=650  \6$aMedias numeriques.
=650  \6$aMedias en education.
=650  \0$aMedia literacy.
=650  \0$aDigital media.
=650  \0$aMass media in education.
=655  \7$aElectronic books. $2local
=710  2\$aProject Muse.$edistributor
=830  \0$aBook collections on Project MUSE.
=856  40$zFull text available: $uhttps://muse.jhu.edu/book/60826/

