=LDR  02083cam a22005294a 4500
=001  musev2_60827
=003  MdBmJHUP
=005  20241011144924.0
=006  m\\\\\o\\d\\\\\\\\
=007  cr||||||||nn|n
=008  121009s2012\\\\mau\\\\\o\\\\\\00\0\eng\d
=020  \\$a9780262305334
=020  \\$z026230533X
=020  \\$z9780262017954
=035  \\$a(OCoLC)1053419019
=040  \\$aMdBmJHUP$cMdBmJHUP
=245  04$aThe Digital Rights Movement : $bThe Role of Technology in Subverting Digital Copyright / $cHector Postigo.
=264  \1$aCambridge, Mass :$bThe MIT Press,$c2012.
=264  \3$aBaltimore, Md. :$bProject MUSE, $c2018
=264  \4$c&copy;2012.
=300  \\$a1 online resource.
=336  \\$atext$btxt$2rdacontent
=337  \\$acomputer$bc$2rdamedia
=338  \\$aonline resource$bcr$2rdacarrier
=490  0\$aThe information society series
=506  0\$aOpen Access$fUnrestricted online access$2star
=520  \\$aThe evolution of activism against the expansion of copyright in the digital domain, with case studies of resistance including eBook and iTunes hacks.
=546  \\$aEnglish.
=588  \\$aDescription based on print version record.
=650  \7$aInternet$xLaw and legislation$2fast$0(OCoLC)fst00977193
=650  \7$aHacktivism$2fast$0(OCoLC)fst01763882
=650  \7$aFair use (Copyright)$2fast$0(OCoLC)fst00919859
=650  \7$aDigital rights management$2fast$0(OCoLC)fst01893503
=650  \7$aCopyright and electronic data processing$2fast$0(OCoLC)fst00878783
=650  \6$aDroit d'auteur et informatique.
=650  \6$aGestion numerique des droits.
=650  \0$aCopyright and electronic data processing.
=650  \0$aFair use (Copyright)
=650  \0$aPiracy (Copyright)$xPrevention.
=650  \0$aInternet$xLaw and legislation.
=650  \0$aHacktivism.
=650  \0$aDigital rights management.
=655  \7$aElectronic books. $2local
=700  1\$aPostigo, Hector.
=710  2\$aProject Muse.$edistributor
=830  \0$aBook collections on Project MUSE.
=856  40$zFull text available: $uhttps://muse.jhu.edu/book/60827/

