=LDR  05159cam a22007094a 4500
=001  musev2_60828
=003  MdBmJHUP
=005  20241011144924.0
=006  m\\\\\o\\d\\\\\\\\
=007  cr||||||||nn|n
=008  110903s2005\\\\mau\\\\\o\\\\\\00\0\eng\d
=020  \\$a9780262285636
=020  \\$z0262285630
=020  \\$z9780262002745
=035  \\$a(OCoLC)1053443663
=040  \\$aMdBmJHUP$cMdBmJHUP
=050  \4$aHC79.T4$bH558 2005
=082  0\$a338/.064$222
=100  1\$aHippel, Eric von.
=245  10$aDemocratizing Innovation / $cEric von Hippel.
=264  \1$aCambridge, Mass. :$bMIT Press,$c2005.
=264  \3$aBaltimore, Md. :$bProject MUSE, $c2018
=264  \4$c©2005.
=300  \\$a1 online resource: $billustrations
=336  \\$atext$btxt$2rdacontent
=337  \\$acomputer$bc$2rdamedia
=338  \\$aonline resource$bcr$2rdacarrier
=504  \\$aIncludes bibliographical references (pages 183-195) and index.
=505  0\$aIntroduction and Overview -- Development of Products by Lead Users -- Why Many Users Want Custom Products -- Users' Innovate-or-Buy Decisions -- Users' Low-Cost Innovation Niches -- Why Users Often Freely Reveal Their Innovations -- Innovation Communities -- Adapting Policy to User Innovation -- Democratizing Innovation -- Application: Searching for Lead User Innovations -- Application: Toolkits for User Innovation and Custom Design -- Linking User Innovation to Other Phenomena and Fields.
=506  0\$aOpen Access$fUnrestricted online access$2star
=520  \\$aThe process of user-centered innovation: how it can benefit both users and manufacturers and how its emergence will bring changes in business models and in public policy. Innovation is rapidly becoming democratized. Users, aided by improvements in computer and communications technology, increasingly can develop their own new products and services. These innovating users--both individuals and firms--often freely share their innovations with others, creating user-innovation communities and a rich intellectual commons. In Democratizing Innovation, Eric von Hippel looks closely at this emerging system of user-centered innovation. He explains why and when users find it profitable to develop new products and services for themselves, and why it often pays users to reveal their innovations freely for the use of all. The trend toward democratized innovation can be seen in software and information products--most notably in the free and open-source software movement--but also in physical products. Von Hippel's many examples of user innovation in action range from surgical equipment to surfboards to software security features. He shows that product and service development is concentrated among "lead users," who are ahead on marketplace trends and whose innovations are often commercially attractive. Von Hippel argues that manufacturers should redesign their innovation processes and that they should systematically seek out innovations developed by users. He points to businesses--the custom semiconductor industry is one example--that have learned to assist user-innovators by providing them with toolkits for developing new products. User innovation has a positive impact on social welfare, and von Hippel proposes that government policies, including R & D subsidies and tax credits, should be realigned to eliminate biases against it. The goal of a democratized user-centered innovation system, says von Hippel, is well worth striving for. An electronic version of this book is available under a Creative Commons license
=546  \\$aEnglish.
=583  1\$adigitized$c2011$hHathiTrust Digital Library$lcommitted to preserve$2pda$5MiAaHDL
=588  0\$aDescription based on print version record.
=650  \7$aInternet (impactos sociais)$2larpcal
=650  17$aDemocratisering.$2gtt
=650  17$aInnovatiediffusie.$2gtt
=650  17$aEconomische aspecten.$2gtt
=650  17$aTechnische vernieuwing.$2gtt
=650  \7$aBenutzerrückmeldung$2gnd
=650  \7$aTechnische Innovation$2gnd
=650  \7$aTechnological innovations$xEconomic aspects$2fast
=650  \7$aDiffusion of innovations$2fast
=650  \7$aDemocracy$2fast
=650  \7$ademocracy.$2aat
=650  \6$aDemocratie.
=650  \6$aInnovations$xDiffusion.
=650  \6$aInnovations$xAspect economique.
=650  \2$aDemocracy
=650  \2$aDiffusion of Innovation
=650  \0$aDemocracy.
=650  \0$aDiffusion of innovations.
=650  \0$aTechnological innovations$xEconomic aspects.
=653  \\$aBUSINESS/Innovation
=655  \7$aElectronic books. $2local
=758  \\$ihas work:$aDemocratizing innovation (Text)$1https://id.oclc.org/worldcat/entity/E39PCGKqtg4j9W8hc98D8RFmbb$4https://id.oclc.org/worldcat/ontology/hasWork
=773  0\$tMIT Press/Creative commons
=776  18$iPrint version:$aHippel, Eric von.$tDemocratizing innovation.$dCambridge, Mass. : MIT Press, 2005$w(DLC)  2004061060$w(OCoLC)56880369
=710  2\$aProject Muse.$edistributor
=830  \0$aHumanities Open Book.
=830  \0$aBook collections on Project MUSE.
=856  40$zFull text available: $uhttps://muse.jhu.edu/book/60828/

