=LDR  05929cam a22009014a 4500
=001  musev2_60829
=003  MdBmJHUP
=005  20241011144925.0
=006  m\\\\\o\\d\\\\\\\\
=007  cr||||||||nn|n
=008  091207s2010\\\\mau\\\\\o\\\\\\00\0\eng\d
=010  \\$z  2009049632
=020  \\$a9780262266031
=020  \\$z0262266032
=020  \\$z9780262014342
=035  \\$a(OCoLC)1053609548
=040  \\$aMdBmJHUP$cMdBmJHUP
=245  00$aAccess Controlled : $bThe Shaping of Power, Rights, and Rule in Cyberspace / $cRonald Deibert [and others], editors.
=264  \1$aCambridge, Mass. :$bMIT Press,$c2010.
=264  \3$aBaltimore, Md. :$bProject MUSE, $c2018
=264  \4$c©2010.
=300  \\$a1 online resource: $billustrations, maps ;
=336  \\$atext$btxt$2rdacontent
=337  \\$acomputer$bc$2rdamedia
=338  \\$aonline resource$bcr$2rdacarrier
=490  0\$aInformation revolution and global politics
=500  \\$aReport from the OpenNet Initiative.
=505  0\$aBeyond denial : introducing next-generation information access controls / Ronald Deibert and Rafal Rohozinski -- Control and subversion in Russian cyberspace / Ronald Deibert and Rafal Rohozinski -- The EU data retention directive in an era of Internet surveillance / Hal Roberts and John Palfrey -- Barriers to cooperation : an analysis of the origins of international efforts to protect children online / Nart Villeneuve -- Intermediary censorship / Ethan Zuckerman -- Protecting privacy and expression online : can the Global Network Initiative embrace the character of the Net? / Colin M. Maclay -- Introduction to the country profiles -- Commonwealth of Independent States : CIS overview ; Armenia ; Azerbaijan ; Belarus ; Georgia ; Kazakhstan ; Kyrgyzstan ; Moldova ; Russia ; Tajikistan ; Turkmenistan ; Ukraine ; Uzbekistan -- Europe : Europe overview ; France ; Germany ; Italy ; Nordic countries ; Turkey ; United Kingdom -- North America : United States and Canada overview -- Australia and New Zealand : Australia and New Zealand overview -- Asia : Asia overview ; Burma ; China ; Pakistan ; South Korea -- Middle East and North Africa : MENA overview ; Egypt ; Iran ; Saudi Arabia ; Syria ; Tunisia ; United Arab Emirates.
=506  0\$aOpen Access$fUnrestricted online access$2star
=520  \\$aInternet censorship and surveillance are increasing in democratic countries as well as in authoritarian states. The first-generation controls, typified by China's "Great Firewall," are being replaced by more sophisticated techniques that go beyond mere denial of information and aim to normalize (or even legalize) a climate of control. These next-generation techniques include strategically timed distributed denial-of-service (DDoS) attacks, targeted malware, surveillance at key points of the Internet's infrastructure, take-down notices, and stringent terms-of-usage policies. Their aim is to shape and limit the national information environment. Access Controlled reports on these new trends in information control and their implications for the global internet commons. Access Controlled is a publication of the OpenNet Initiative (ONI), a collaboration of the Citizen Lab at the University of Toronto's Munk Centre for International Studies, Harvard's Berlman Center for Internet & Society, and the SecDev Group (Ottawa), and is an extension of ONI's earlier volume, Access Denied. Six substantial chapters analyzing internet controls worldwide are supplemented by a section of shorter regional reports and country profiles drawn from material gathered by the ONI through a combination of technical interrogations and field research methods. Support for Access Controlled was provided by the Office of the OSCE Representative on Freedom of the Media.
=588  \\$aDescription based on print version record.
=650  \7$aCensorship.$2pplt
=650  \7$aMonitoring.$2pplt
=650  \7$aPolitics.$2pplt
=650  \7$aComputers.$2pplt
=650  \7$aInternet.$2pplt
=650  \7$aCyberspace.$2pplt
=650  \7$aInternet$xCensorship.$2nli
=650  \7$aComputers$xAccess control.$2nli
=650  \7$aInternet$xGovernment policy.$2nli
=650  \7$aCyberspace$xGovernment policy.$2nli
=650  \7$aZensur.$2idszbz
=650  \7$aRegulierung.$2idszbz
=650  \7$aInternet.$2idszbz
=650  \7$aPolitik$xInternet.$2idsbb
=650  \7$aDemokratie$xInternet.$2idsbb
=650  \7$aInternet$xDemokratie.$2idsbb
=650  \7$aInternet$xKontrolle.$2idsbb
=650  \7$aInternet$xPolitik.$2idsbb
=650  17$aControl.$0(NL-LeOCL)078475899$2gtt
=650  17$aCyberspace.$0(NL-LeOCL)242018726$2gtt
=650  17$aInternet.$0(NL-LeOCL)101068689$2gtt
=650  \7$aInternationaler Vergleich$2gnd
=650  \7$aZensur$2gnd
=650  \7$aZugriffskontrolle$2gnd
=650  \7$aInternet$xGovernment policy.$2fast$0(OCoLC)fst00977191
=650  \7$aInternet$xCensorship.$2fast$0(OCoLC)fst00977185
=650  \7$aCyberspace$xGovernment policy.$2fast$0(OCoLC)fst00885796
=650  \7$aComputers$xAccess control.$2fast$0(OCoLC)fst00872779
=650  \7$a05.20 communication and society.$0(NL-LeOCL)077592654$2bcl
=650  \6$aInternet$xCensure.
=650  \6$aOrdinateurs$xAcces$xContrôle.
=650  \6$aInternet$xPolitique gouvernementale.
=650  \6$aCyberespace$xPolitique gouvernementale.
=650  \0$aInternet$xCensorship.
=650  \0$aComputers$xAccess control.
=650  \0$aInternet$xGovernment policy.
=650  \0$aCyberspace$xGovernment policy.
=610  27$aAtarazanas$gValencia$2gnd
=655  \7$aElectronic books. $2local
=700  1\$aZittrain, Jonathan.
=700  1\$aRohozinski, Rafal.
=700  1\$aPalfrey, John.
=700  1\$aDeibert, Ronald.
=710  2\$aOpenNet Initiative.
=710  2\$aProject Muse.$edistributor
=830  \0$aBook collections on Project MUSE.
=856  40$zFull text available: $uhttps://muse.jhu.edu/book/60829/

