=LDR  03653cam a22006134a 4500
=001  musev2_60831
=003  MdBmJHUP
=005  20241011144926.0
=006  m\\\\\o\\d\\\\\\\\
=007  cr||||||||nn|n
=008  201221s2010\\\\mau\\\\\o\\\\\\00\0\eng\d
=020  \\$a9780262258920
=020  \\$z0262258927
=020  \\$z9780262013369
=035  \\$a(OCoLC)1053130584
=040  \\$aMdBmJHUP$cMdBmJHUP
=245  10$aHanging Out, Messing Around, and Geeking Out : $bKids Living and Learning with New Media / $cMizuko Ito [and others] ; with contributions by Judd Antin [and others].
=264  \1$aCambridge, Mass.$bMIT Press$c2010
=264  \3$aBaltimore, Md. :$bProject MUSE, $c2018
=264  \4$c©2010
=300  \\$a1 online resource: $billustrations.
=336  \\$atext$btxt$2rdacontent
=337  \\$acomputer$bc$2rdamedia
=338  \\$aonline resource$bcr$2rdacarrier
=490  0\$aThe John D. and Catherine T. MacArthur Foundation series on digital media and learning
=506  0\$aOpen Access$fUnrestricted online access$2star
=520  \\$aAn examination of young people's everyday new media practices--including video-game playing, text-messaging, digital media production, and social media use. Conventional wisdom about young people's use of digital technology often equates generational identity with technology identity: today's teens seem constantly plugged in to video games, social networking sites, and text messaging. Yet there is little actual research that investigates the intricate dynamics of youths' social and recreational use of digital media. Hanging Out, Messing Around, and Geeking Out fills this gap, reporting on an ambitious three-year ethnographic investigation into how young people are living and learning with new media in varied settings--at home, in after-school programs, and in online spaces. Integrating twenty-three case studies--which include Harry Potter podcasting, video-game playing, music sharing, and online romantic breakups--in a unique collaborative authorship style, Hanging Out, Messing Around, and Geeking Out is distinctive for its combination of in-depth description of specific group dynamics with conceptual analysis.
=588  \\$aDescription based on print version record.
=650  \7$aTechnology and youth.$2fast$0(OCoLC)fst01145278
=650  \7$aMass media and youth.$2fast$0(OCoLC)fst01011384
=650  \7$aLearning$xSocial aspects.$2fast$0(OCoLC)fst00994845
=650  \7$aDigital media$xSocial aspects.$2fast$0(OCoLC)fst01766776
=650  \6$aApprentissage$xAspect social.
=650  \6$aTechnologie et jeunesse$zÉtats-Unis.
=650  \6$aMedias numeriques$zÉtats-Unis$xAspect social.
=650  \6$aMedias et jeunesse$zÉtats-Unis.
=650  \4$aSOCIAL SCIENCES/Media Studies.
=650  \4$aDIGITAL HUMANITIES & NEW MEDIA/General.
=650  \4$aEDUCATION/Digital Media & Learning.
=650  \4$aLearning ; Social aspects.
=650  \4$aTechnology and youth ; United States.
=650  \4$aDigital media ; Social aspects ; United States.
=650  \4$aMass media and youth ; United States.
=650  \0$aLearning$xSocial aspects.
=650  \0$aTechnology and youth$zUnited States.
=650  \0$aDigital media$xSocial aspects$zUnited States.
=650  \0$aMass media and youth$zUnited States.
=651  \7$aUnited States.$2fast$0(OCoLC)fst01204155
=655  \7$aElectronic books. $2local
=700  1\$aAntin, Judd$eMitwirkendeR.$4ctb
=700  1\$aItō, Mizuko$eMitwirkendeR.$4ctb
=710  2\$aProject Muse.$edistributor
=830  \0$aBook collections on Project MUSE.
=856  40$zFull text available: $uhttps://muse.jhu.edu/book/60831/

