=LDR  04552cam a22007094a 4500
=001  musev2_60832
=003  MdBmJHUP
=005  20241011144928.0
=006  m\\\\\o\\d\\\\\\\\
=007  cr||||||||nn|n
=008  180503t20182018mau\\\\\o\\\\\\00\0\eng\d
=020  \\$a9780262345699
=020  \\$z0262345692
=020  \\$z9780262535014
=035  \\$a(OCoLC)1045087489
=040  \\$aMdBmJHUP$cMdBmJHUP
=245  00$aShadow Libraries : $bAccess to Knowledge in Global Higher Education / $cedited by Joe Karaganis.
=264  \1$aOttawa, ON :$bInternational Development Research Centre,$c[2018]
=264  \3$aBaltimore, Md. :$bProject MUSE, $c2018
=264  \4$c©[2018]
=300  \\$a1 online resource: $billustrations
=336  \\$atext$btxt$2rdacontent
=337  \\$acomputer$bc$2rdamedia
=338  \\$aonline resource$bcr$2rdacarrier
=505  0\$aThe Russian origins of the online shadow library / Balázs Bodó -- In the shadow of the gigapedia / Balázs Bodó -- Argentina: a student-made ecosystem in an era of state retreat / Evelin Heidel -- Access to learning resources in post-apartheid South Africa / Eve Gray and Laura Czerniewicz -- Poland: where the state ends, the hamster begins / Alek Tarkowski and Miroslaw Filiciak -- India: the knowledge thief / Lawrence Liang -- Brazil: the copy shop and the cloud / Pedro Mizukami and Jhessica Reia -- Coda: Uruguay / Jorge Gemetto and Mariana Fossatti.
=506  0\$aOpen Access$fUnrestricted online access$2star
=520  \\$aThis collection looks at how university students in Russia, Argentina, South Africa, Poland, Brazil, India, and Uruguay get the books and articles they need for their education. The death of Aaron Swartz and the more recent controversy around the SciHub and Libgen repositories have drawn attention to the question of access to knowledge, particularly for students facing financial and other constraints. Open access currently provides a very limited answer to this question, which piracy answers more comprehensively. This edited volume explores how access to knowledge has changed in the past twenty years, as student populations have boomed and as educators and publishers navigated the transition from paper to digital materials. It is concerned primarily with the experience of developing countries, where growing numbers of students, rapid development of Internet and device infrastructures, and high relative inequality have produced the sharpest tensions in the publishing and educational ecosystem.
=588  \\$aDescription based on print version record.
=650  \7$aTextbook.$2iptcnc
=650  \7$aPublishing.$2iptcnc
=650  \7$aPublic sphere.$2iptcnc
=650  \7$aOpen access.$2iptcnc
=650  \7$aLibrary.$2iptcnc
=650  \7$aHuman activities.$2iptcnc
=650  \7$aCulture.$2iptcnc
=650  \7$aCopyright infringement.$2iptcnc
=650  \7$aCopyright.$2iptcnc
=650  \7$aBook.$2iptcnc
=650  \7$aScholarly publishing$xEconomic aspects.$2fast$0(OCoLC)fst01106871
=650  \7$aScholarly electronic publishing.$2fast$0(OCoLC)fst01106853
=650  \7$aPiracy (Copyright)$2fast$0(OCoLC)fst01064762
=650  \7$aPhotocopying.$2fast$0(OCoLC)fst01061532
=650  \7$aOpen access publishing.$2fast$0(OCoLC)fst01737144
=650  \7$aEducation, Higher.$2fast$0(OCoLC)fst00903005
=650  \7$aCopyright$xElectronic information resources.$2fast$0(OCoLC)fst00878731
=650  \7$aCommunication in learning and scholarship$xTechnological innovations.$2fast$0(OCoLC)fst01982416
=650  \7$aLANGUAGE ARTS & DISCIPLINES$xJournalism.$2bisacsh
=650  \0$aEducation, Higher$zDeveloping countries.
=650  \0$aCommunication in learning and scholarship$xTechnological innovations$zDeveloping countries.
=650  \0$aOpen access publishing$zDeveloping countries.
=650  \0$aPhotocopying$zDeveloping countries.
=650  \0$aCopyright$xElectronic information resources$zDeveloping countries.
=650  \0$aIntellectual property infringement$xEconomic aspects$zDeveloping countries.
=650  \0$aPiracy (Copyright)$zDeveloping countries.
=650  \0$aScholarly electronic publishing$zDeveloping countries.
=650  \0$aScholarly publishing$xEconomic aspects$zDeveloping countries.
=651  \7$aDeveloping countries.$2fast$0(OCoLC)fst01242969
=655  \7$aElectronic books. $2local
=700  1\$aKaraganis, Joe,$eeditor.
=710  2\$aProject Muse.$edistributor
=830  \0$aBook collections on Project MUSE.
=856  40$zFull text available: $uhttps://muse.jhu.edu/book/60832/

