=LDR  02687cam a22005414a 4500
=001  musev2_60833
=003  MdBmJHUP
=005  20241011144929.0
=006  m\\\\\o\\d\\\\\\\\
=007  cr||||||||nn|n
=008  180605s2018\\\\mau\\\\\o\\\\\\00\0\eng\d
=020  \\$a9780262346047
=020  \\$z0262346044
=020  \\$z9780262037792
=035  \\$a(OCoLC)1042908181
=040  \\$aMdBmJHUP$cMdBmJHUP
=100  1\$aBifet, Albert,$eauthor.
=245  10$aMachine Learning for Data Streams : $bwith Practical Examples in MOA / $cAlbert Bifet, Ricard Gavaldà, Geoff Holmes, Bernhard Pfahringer.
=264  \1$aLondon, England :$bThe MIT Press,$c[2017]
=264  \3$aBaltimore, Md. :$bProject MUSE, $c2018
=264  \4$c©[2017]
=300  \\$a1 online resource: $billustrations
=336  \\$atext$btxt$2rdacontent
=337  \\$acomputer$bc$2rdamedia
=338  \\$aonline resource$bcr$2rdacarrier
=490  0\$aAdaptive computation and machine learning
=505  0\$aIntro; Contents; List of Figures; List of Tables; Preface; I INTRODUCTION; 1 Introduction; 2 Big Data Stream Mining; 3 Hands-on Introduction to MOA; II STREAM MINING; 4 Streams and Sketches; 5 Dealing with Change; 6 Classification; 7 Ensemble Methods; 8 Regression; 9 Clustering; 10 Frequent Pattern Mining; III THE MOA SOFTWARE; 11 Introduction to MOA and Its Ecosystem; 12 The Graphical User Interface; 13 Using the Command Line; 14 Using the API; 15 Developing New Methods in MOA; Bibliography; Index
=506  0\$aOpen Access$fUnrestricted online access$2star
=520  \\$aA hands-on approach to tasks and techniques in data stream mining and real-time analytics, with examples in MOA, a popular freely available open-source software framework.
=588  \\$aDescription based on print version record.
=650  \7$aNeural networks (Computer science)$2fast$0(OCoLC)fst01036260
=650  \7$aMachine learning.$2fast$0(OCoLC)fst01004795
=650  \7$aDatabase management.$2fast$0(OCoLC)fst00888037
=650  \7$aCOMPUTERS / Artificial Intelligence / General.$2bisacsh
=650  \6$aApprentissage automatique.
=650  \6$aReseaux neuronaux (Informatique)
=650  \6$aBases de donnees$xGestion.
=650  \0$aMachine learning.
=650  \0$aNeural networks (Computer science)
=650  \0$aDatabase management.
=655  \7$aElectronic books. $2local
=700  1\$aPfahringer, Bernhard,$eauthor.
=700  1\$aHolmes, Geoffrey,$eauthor.
=700  1\$aGavaldà, Ricard,$d1964-$eauthor.
=710  2\$aM.I.T. Press,$epublisher.
=710  2\$aProject Muse.$edistributor
=830  \0$aBook collections on Project MUSE.
=856  40$zFull text available: $uhttps://muse.jhu.edu/book/60833/

