=LDR  01157cam a22003494a 4500
=001  musev2_60834
=003  MdBmJHUP
=005  20241011144930.0
=006  m\\\\\o\\d\\\\\\\\
=007  cr||||||||nn|n
=008  190205nuuuuuuuuxx\\\\\\o\\\\\\00\0\und\d
=020  \\$a9780262329552
=020  \\$z0262329557
=020  \\$z9780262029902
=035  \\$a(OCoLC)1053494660
=040  \\$aMdBmJHUP$cMdBmJHUP
=100  1\$aPeter Suber; Robert Darnton.
=245  10$aKnowledge Unbound : $bSelected Writings on Open Access, 2002-2011
=264  \1$c2016
=264  \3$aBaltimore, Md. :$bProject MUSE, $c2018
=264  \4$c&copy;2016
=300  \\$a1 online resource.
=336  \\$atext$btxt$2rdacontent
=337  \\$acomputer$bc$2rdamedia
=338  \\$aonline resource$bcr$2rdacarrier
=506  0\$aOpen Access$fUnrestricted online access$2star
=588  \\$aDescription based on print version record.
=600  14$aComputing & Processing, General Topics for Engineers.
=655  \7$aElectronic books. $2local
=710  2\$aProject Muse.$edistributor
=830  \0$aBook collections on Project MUSE.
=856  40$zFull text available: $uhttps://muse.jhu.edu/book/60834/

