=LDR  03490cam a22004934a 4500
=001  musev2_60835
=003  MdBmJHUP
=005  20241011144930.0
=006  m\\\\\o\\d\\\\\\\\
=007  cr||||||||nn|n
=008  201221s2009\\\\mau\\\\\o\\\\\\00\0\eng\d
=020  \\$a9780262258944
=020  \\$z0262258943
=020  \\$z9780262513630
=035  \\$a(OCoLC)1053133501
=040  \\$aMdBmJHUP$cMdBmJHUP
=245  10$aYoung People, Ethics, and the New Digital Media : $bA Synthesis from the GoodPlay Project / $cCarrie James [and others].
=264  \1$aCambridge, Mass.$bMIT Press$c2009
=264  \3$aBaltimore, Md. :$bProject MUSE, $c2018
=264  \4$c&copy;2009
=300  \\$a1 online resource.
=336  \\$atext$btxt$2rdacontent
=337  \\$acomputer$bc$2rdamedia
=338  \\$aonline resource$bcr$2rdacarrier
=490  0\$aThe John D. and Catherine T. MacArthur Foundation reports on digital media and learning
=506  0\$aOpen Access$fUnrestricted online access$2star
=520  \\$aSocial networking, blogging, vlogging, gaming, instant messaging, downloading music and other content, uploading and sharing their own creative work: these activities made possible by the new digital media are rich with opportunities and risks for young people. This report, part of the GoodPlay Project, undertaken by researchers at Harvard Graduate School of Education's Project Zero, investigates the ethical fault lines of such digital pursuits. The authors argue that five key issues are at stake in the new media: identity, privacy, ownership and authorship, credibility, and participation. Drawing on evidence from informant interviews, emerging scholarship on new media, and theoretical insights from psychology, sociology, political science, and cultural studies, the report explores the ways in which youth may be redefining these concepts as they engage with new digital media. The authors propose a model of "good play" that involves the unique affordances of the new digital media; related technical and new media literacies; cognitive and moral development and values; online and offline peer culture; and ethical supports, including the absence or presence of adult mentors and relevant educational curricula. This proposed model for ethical play sets the stage for the next part of the GoodPlay project, an empirical study that will invite young people to share their stories of engagement with the new digital media.The John D. and Catherine T. MacArthur Foundation Reports on Digital Media and Learning.
=588  \\$aDescription based on print version record.
=650  \7$aInformation society$xMoral and ethical aspects.$2fast$0(OCoLC)fst00972774
=650  \7$aDigital media$xMoral and ethical aspects.$2fast$0(OCoLC)fst00893717
=650  \6$aMedias numeriques$xAspect moral.
=650  \6$aSociete informatisee$xAspect moral.
=650  \4$aINFORMATION SCIENCE/Internet Studies.
=650  \4$aSOCIAL SCIENCES/Media Studies.
=650  \4$aEDUCATION/Digital Media & Learning.
=650  \4$aDigital media ; Moral and ethical aspects.
=650  \4$aInformation society ; Moral and ethical aspects.
=650  \0$aDigital media$xMoral and ethical aspects.
=650  \0$aInformation society$xMoral and ethical aspects.
=655  \7$aElectronic books. $2local
=700  1\$aJames, Carrie$eMitwirkendeR.$4ctb
=710  2\$aProject Muse.$edistributor
=830  \0$aBook collections on Project MUSE.
=856  40$zFull text available: $uhttps://muse.jhu.edu/book/60835/

