=LDR  03115cam a22006254a 4500
=001  musev2_60836
=003  MdBmJHUP
=005  20241011144931.0
=006  m\\\\\o\\d\\\\\\\\
=007  cr||||||||nn|n
=008  970626s1998\\\\mau\\\\\o\\\\\\00\0\eng\d
=010  \\$z   97026416 
=020  \\$a9780262257053
=020  \\$z026225705X
=020  \\$z9780262193986
=035  \\$a(OCoLC)1053169863
=040  \\$aMdBmJHUP$cMdBmJHUP
=100  1\$aSutton, Richard S.
=245  10$aReinforcement Learning : $bAn Introduction / $cRichard S. Sutton and Andrew G. Barto.
=264  \1$aCambridge, Mass. :$bMIT Press,$c1998.
=264  \3$aBaltimore, Md. :$bProject MUSE, $c2018
=264  \4$c©1998.
=300  \\$a1 online resource: $billustrations ;
=336  \\$atext$btxt$2rdacontent
=337  \\$acomputer$bc$2rdamedia
=338  \\$aonline resource$bcr$2rdacarrier
=490  0\$aAdaptive computation and machine learning
=505  00$tContents --$tSeries Foreword --$tPreface --$gI.$tThe Problem --$g1.$tIntroduction --$g2.$tEvaluative Feedback --$g3.$tThe Reinforcement Learning Problem --$gII.$tElementary Solution Methods --$g4.$tDynamic Programming --$g5.$tMonte Carlo Methods --$g6.$tTemporal-Difference Learning --$gIII.$tA Unified View --$g7.$tEligibility Traces --$g8.$tGeneralization and Function Approximation --$g9.$tPlanning and Learning --$g10.$tDimensions of Reinforcement Learning --$g11.$tCase Studies --$tReferences --$tSummary of Notation --$tIndex.
=506  0\$aOpen Access$fUnrestricted online access$2star
=520  1\$a"In Reinforcement Learning, Richard Sutton and Andrew Barto provide a clear and simple account of the key ideas and algorithms of reinforcement learning. Their discussion ranges from the history of the field's intellectual foundations to the most recent developments and applications. The only necessary mathematical background is familiarity with elementary concepts of probability."--Jacket.
=588  \\$aDescription based on print version record.
=650  \7$aReinforcement learning.$2nli
=650  07$aIntel·ligencia artificial.$2lemac
=650  17$aLeren.$2gtt
=650  17$aReinforcement.$2gtt
=650  17$aKunstmatige intelligentie.$2gtt
=650  \7$aReinforcement learning.$2fast$0(OCoLC)fst01732553
=650  \7$aReinforcement learning (Machine learning)$2blmlsh
=650  \7$aartificial intelligence.$2aat
=650  \6$aRecherche operationnelle.
=650  \6$aReconnaissance des formes (Informatique)
=650  \6$aIntelligence artificielle.
=650  \6$aApprentissage par renforcement (Intelligence artificielle)
=650  22$aOperations Research
=650  22$aPattern Recognition, Automated
=650  12$aArtificial Intelligence
=650  \0$aOperations research.
=650  \0$aPattern recognition systems.
=650  \0$aArtificial intelligence.
=650  \0$aReinforcement learning.
=655  \7$aElectronic books. $2local
=700  1\$aBarto, Andrew G.
=710  2\$aProject Muse.$edistributor
=830  \0$aBook collections on Project MUSE.
=856  40$zFull text available: $uhttps://muse.jhu.edu/book/60836/

