=LDR  03663cam a22006614a 4500
=001  musev2_60837
=003  MdBmJHUP
=005  20241011144931.0
=006  m\\\\\o\\d\\\\\\\\
=007  cr||||||||nn|n
=008  090831s2009\\\\mau\\\\\o\\\\\\00\0\eng\d
=020  \\$a9780262258715
=020  \\$z9780262513593
=020  \\$z0262258714
=035  \\$a(OCoLC)1053131488
=040  \\$aMdBmJHUP$cMdBmJHUP
=100  1\$aDavidson, Cathy N.,$d1949-
=245  14$aThe Future of Learning Institutions in a Digital Age / $cCathy N. Davidson and David Theo Goldberg ; with the assistance of Zoë Marie Jones.
=264  \1$aCambridge, Mass. :$bMIT Press,$c2009.
=264  \3$aBaltimore, Md. :$bProject MUSE, $c2018
=264  \4$c©2009.
=300  \\$a1 online resource: $billustrations.
=336  \\$atext$btxt$2rdacontent
=337  \\$acomputer$bc$2rdamedia
=338  \\$aonline resource$bcr$2rdacarrier
=490  0\$aThe John D. and Catherine T. MacArthur Foundation Reports on Digital Media and Learning
=505  0\$aSeries Foreword; Acknowledgments; Overview of a Collaborative Project; The Classroom or the World Wide Web?; Pillars of Institutional Pedagogy; Challenges from Past Practice, Moving Fast Forward; Appendix: Portfolio of Virtual Learning Institutions; Notes; Collaborators
=506  0\$aOpen Access$fUnrestricted online access$2star
=520  \\$aIn this report, Cathy Davidson and David Theo Goldberg focus on the potential for shared and interactive learning made possible by the Internet. They argue that the single most important characteristic of the Internet is its capacity for world-wide community and the limitless exchange of ideas. The Internet brings about a way of learning that is not new or revolutionary but is now the norm for today's graduating high school and college classes. It is for this reason that Davidson and Goldberg call on us to examine potential new models of digital learning and rethink our virtually enabled and enhanced learning institutions. This report is available in a free digital edition on the MIT Press website at http://mitpress.mit.edu/9780262513593. John D. and Catherine T. MacArthur Foundation Reports on Digital Media and Learning
=546  \\$aEnglish.
=588  \\$aDescription based on print version record.
=650  \7$aOrganizational change.$2fast$0(OCoLC)fst01047828
=650  \7$aInternet in education.$2fast$0(OCoLC)fst00977246
=650  \7$aEducational technology.$2fast$0(OCoLC)fst00903623
=650  \7$aEducational change.$2fast$0(OCoLC)fst00903371
=650  \7$aEducation$xEffect of technological innovations on.$2fast$0(OCoLC)fst00902618
=650  \7$aSchool improvement programs.$2fast$0(OCoLC)fst01107461
=650  \7$aEDUCATION$xOrganizations & Institutions.$2bisacsh
=650  \7$aEDUCATION$xAdministration$xGeneral.$2bisacsh
=650  \7$aEducation.$2bicssc
=650  \6$aTechnologie educative.
=650  \6$aInternet en education.
=650  \6$aÉducation$xEffets des innovations sur.
=650  \6$aEnseignement$xReforme.
=650  \6$aChangement organisationnel.
=650  \2$aEducational Technology
=650  \2$aOrganizational Innovation
=650  \0$aSchool improvement programs.
=650  \0$aOrganizational change.
=650  \0$aEducational change.
=650  \0$aEducation$xEffect of technological innovations on.
=650  \0$aInternet in education.
=650  \0$aEducational technology.
=655  \7$aElectronic books. $2local
=700  1\$aGoldberg, David Theo.
=710  2\$aProject Muse.$edistributor
=830  \0$aBook collections on Project MUSE.
=856  40$zFull text available: $uhttps://muse.jhu.edu/book/60837/

