=LDR  03430cam a22005054a 4500
=001  musev2_60838
=003  MdBmJHUP
=005  20241011144932.0
=006  m\\\\\o\\d\\\\\\\\
=007  cr||||||||nn|n
=008  180316s2018\\\\mau\\\\\o\\\\\\00\0\eng\d
=020  \\$a9780262344845
=020  \\$z026234484X
=020  \\$z9780262037044
=035  \\$a(OCoLC)1053494659
=040  \\$aMdBmJHUP$cMdBmJHUP
=100  1\$aShafiee, Katayoun,$eauteur.
=245  10$aMachineries of Oil : $bAn Infrastructural History of BP in Iran / $cKatayoun Shafiee.
=264  \1$aCambridge, MA :$bThe MIT Press,$c2018.
=264  \3$aBaltimore, Md. :$bProject MUSE, $c2018
=264  \4$c&copy;2018.
=300  \\$a1 online resource.
=336  \\$atext$btxt$2rdacontent
=337  \\$acomputer$bc$2rdamedia
=338  \\$aonline resource$bcr$2rdacarrier
=490  0\$aInfrastructures series
=505  0\$aProperties of petroleum -- Petroleum knowledge -- Calculating technologies in crisis -- What kind of oil worker does an oil industry require to survive? -- Assembling intractability: managing nationalism, combating nationalization -- Long-distance machineries of oil -- Conclusion : petroleum collectives: translating the power of oil into politics.
=506  0\$aOpen Access$fUnrestricted online access$2star
=520  \\$aThis book rethinks the politics of the Middle East through a study of the British-controlled oil industry in Iran between 1901 and 1954. Based on research in governmental and business archives in Iran, the United Kingdom, and the United States, it examines a series of disputes concerning petroleum exploration, property rights, the organization of labor, geological knowledge, accounting methods, oil distribution, and the calculation and control of profits. The goal is to understand how the construction of oil infrastructure reconfigured the local politics of the oil regions and how these arrangements in turn shaped the emergence of both the national state and the multinational oil corporation now known as BP. There has been no study of this kind, with the amount of rich, first-hand information Shafiee has gathered from Iran and elsewhere. Shafiee rethinks the role of oil in the early to mid-twentieth century as a non-human actor whose agency shapes and is shaped by the various techno-social transformations she discusses. She combines archival research with extensive field work at various sites in Iran--sources that are missing from the scholarship on both Iran and the oil industry.
=588  \\$aDescription based on print version record.
=650  \7$aPetroleum industry and trade$xPolitical aspects.$2fast$0(OCoLC)fst01059632
=650  \7$aPetroleum industry and trade.$2fast$0(OCoLC)fst01059546
=650  \6$aPetrole$xIndustrie et commerce$xAspect politique$zIran.
=650  \6$aPetroleum industry and trade$zIran$xHistory.
=650  \6$aPetroleum industry and trade$xPolitical aspects$zIran.
=650  \0$aPetroleum industry and trade$zIran$xHistory.
=650  \0$aPetroleum industry and trade$xPolitical aspects$zIran.
=651  \7$aIran.$2fast$0(OCoLC)fst01204889
=655  \7$aLivres numeriques.$2rvmgf
=655  \7$aHistory.$2fast$0(OCoLC)fst01411628
=655  \7$ae-books.$2aat
=655  \7$aElectronic books. $2local
=710  2\$aProject Muse.$edistributor
=830  \0$aBook collections on Project MUSE.
=856  40$zFull text available: $uhttps://muse.jhu.edu/book/60838/

