=LDR  03410cam a22004934a 4500
=001  musev2_60839
=003  MdBmJHUP
=005  20241011144933.0
=006  m\\\\\o\\d\\\\\\\\
=007  cr||||||||nn|n
=008  201221s2014\\\\mau\\\\\o\\\\\\00\0\eng\d
=020  \\$a9780262325479
=020  \\$z0262325470
=020  \\$z9780262526920
=035  \\$a(OCoLC)1053168063
=040  \\$aMdBmJHUP$cMdBmJHUP
=100  1\$aKinskey, Rebecca$eVerfasserIn.$4aut
=245  10$aWe Used to Wait : $bMusic Videos and Creative Literacy / $cRebecca Kinskey.
=264  \1$aCambridge, Massachusetts$bThe MIT Press$c[2014]
=264  \3$aBaltimore, Md. :$bProject MUSE, $c2018
=264  \4$c&copy;[2014]
=300  \\$a1 online resource: $billustrations.
=336  \\$atext$btxt$2rdacontent
=337  \\$acomputer$bc$2rdamedia
=338  \\$aonline resource$bcr$2rdacarrier
=490  0\$aThe John D. and Catherine T. MacArthur Foundation reports on digital media and learning
=506  0\$aOpen Access$fUnrestricted online access$2star
=520  \\$a"Music videos were once something broadcast by MTV and received on our TV screens. Today, music videos are searched for, downloaded, and viewed on our computer screens -- or produced in our living rooms and uploaded to social media. In We Used to Wait, Rebecca Kinskey examines this shift. She investigates music video as a form, originally a product created by professionals to be consumed by nonprofessionals; as a practice, increasingly taken up by amateurs; and as a literacy, to be experimented with and mastered. Kinskey offers a short history of the music video as a communicative, cultural form, describing the rise and fall of MTV's Total Request Live and the music video's resurgence on YouTube. She examines recent shifts in viewing and production practice, tracing the trajectory of music video director Hiro Murai from film student and dedicated amateur in the 1990s to music video professional in the 2000s. Investigating music video as a literacy, she looks at OMG! Cameras Everywhere, a nonprofit filmmaking summer camp run by a group of young music video directors. The OMG! campers and counselors provide a case study in how cultural producers across several generations have blurred the line between professional and amateur. Their everyday practices remake the notion of literacy, not only by their collaborative and often informal efforts to impart and achieve literacy but also by expanding the definition of what is considered a valuable activity, worthy of dedicated, pleasurable pursuit"--Provided by publisher.
=588  \\$aDescription based on print version record.
=650  \7$aMusic videos.$2fast$0(OCoLC)fst01030654
=650  \6$aMedias numeriques$xInnovations.
=650  \6$aVideoclips$xHistoire et critique.
=650  \4$aEDUCATION/Literacies.
=650  \4$aSOCIAL SCIENCES/Media Studies.
=650  \4$aEDUCATION/Digital Media & Learning.
=650  \4$aDigital media ; Technological innovations.
=650  \4$aMusic videos ; History and criticism.
=650  \0$aDigital media$xTechnological innovations.
=650  \0$aMusic videos$xHistory and criticism.
=655  \7$aCriticism, interpretation, etc.$2fast$0(OCoLC)fst01411635
=655  \7$aElectronic books. $2local
=710  2\$aProject Muse.$edistributor
=830  \0$aBook collections on Project MUSE.
=856  40$zFull text available: $uhttps://muse.jhu.edu/book/60839/

