=LDR  04706cam a22006734a 4500
=001  musev2_60840
=003  MdBmJHUP
=005  20241011144933.0
=006  m\\\\\o\\d\\\\\\\\
=007  cr||||||||nn|n
=008  100402s2010\\\\mau\\\\\o\\\\\\00\0\eng\d
=010  \\$z  2009024638
=020  \\$a9780262266529
=020  \\$z9780262513746
=020  \\$z0262266520
=035  \\$a(OCoLC)1053169864
=040  \\$aMdBmJHUP$cMdBmJHUP
=100  1\$aDavidson, Cathy N.,$d1949-
=245  14$aThe Future of Thinking : $bLearning Institutions in a Digital Age / $cCathy N. Davidson and David Theo Goldberg ; with the assistance of Zoë Marie Jones.
=264  \1$aCambridge, Mass. :$bMIT Press,$c2010.
=264  \3$aBaltimore, Md. :$bProject MUSE, $c2018
=264  \4$c©2010.
=300  \\$a1 online resource: $billustrations
=336  \\$atext$btxt$2rdacontent
=337  \\$acomputer$bc$2rdamedia
=338  \\$aonline resource$bcr$2rdacarrier
=490  0\$aJohn D. and Catherine T. MacArthur Foundation Reports on Digital Media and Learning
=505  0\$aIntroduction and overview: the future of learning institutions in a digital age -- Customized and participatory learning -- Our digital age: implications for learning and its (online) institutions -- FLIDA 101: a pedagogical allegory -- Institutions as mobilizing networks: (or, "I hate the institution, but I love what it did for me") -- HASTAC: a case study of a virtual learning institution as a mobilizing network -- (In)conclusive: thinking the future of digital thinking.
=506  0\$aOpen Access$fUnrestricted online access$2star
=520  \\$aHow traditional learning institutions can become as innovative, flexible, robust, and collaborative as the best social networking sites. Over the past two decades, the way we learn has changed dramatically. We have new sources of information and new ways to exchange and to interact with information. But our schools and the way we teach have remained largely the same for years, even centuries. What happens to traditional educational institutions when learning also takes place on a vast range of Internet sites, from Pokemon Web pages to Wikipedia? This report investigates how traditional learning institutions can become as innovative, flexible, robust, and collaborative as the best social networking sites. The authors propose an alternative definition of "institution" as a "mobilizing network"--Emphasizing its flexibility, the permeability of its boundaries, its interactive productivity, and its potential as a catalyst for change--and explore the implications for higher education. The Future of Thinking reports on innovative, virtual institutions. It also uses the idea of a virtual institution both as part of its subject matter and as part of its process: the first draft of the book was hosted on a Web site for collaborative feedback and writing. The authors use this experiment in participatory writing as a test case for virtual institutions, learning institutions, and a new form of collaborative authorship. The finished version is still posted and open for comment. This book is the full-length report of the project, which was summarized in an earlier MacArthur volume, The Future of Learning Institutions in a Digital Age.
=588  \\$aDescription based on print version record.
=650  \7$aUtbildning via Internet.$2sao
=650  \7$aDatorstödd undervisning.$2sao
=650  \7$aNeue Medien$2gnd
=650  \7$aLernverhalten$2gnd
=650  \7$aE-Learning$2gnd
=650  \7$aOrganizational change.$2fast$0(OCoLC)fst01047828
=650  \7$aInternet in education.$2fast$0(OCoLC)fst00977246
=650  \7$aEducational technology.$2fast$0(OCoLC)fst00903623
=650  \7$aEducational change.$2fast$0(OCoLC)fst00903371
=650  \7$aEducation$xEffect of technological innovations on.$2fast$0(OCoLC)fst00902618
=650  \7$aSchool improvement programs.$2fast$0(OCoLC)fst01107461
=650  \7$aCOMPUTERS$xEducational Software.$2bisacsh
=650  \6$aChangement organisationnel.
=650  \6$aEnseignement$xReforme.
=650  \6$aÉducation$xEffets des innovations sur.
=650  \6$aInternet en education.
=650  \6$aTechnologie educative.
=650  \0$aSchool improvement programs.
=650  \0$aOrganizational change.
=650  \0$aEducational change.
=650  \0$aEducation$xEffect of technological innovations on.
=650  \0$aInternet in education.
=650  \0$aEducational technology.
=655  \7$aElectronic books. $2local
=700  1\$aGoldberg, David Theo.
=710  2\$aProject Muse.$edistributor
=830  \0$aBook collections on Project MUSE.
=856  40$zFull text available: $uhttps://muse.jhu.edu/book/60840/

