=LDR  02410cam a22005294a 4500
=001  musev2_60841
=003  MdBmJHUP
=005  20241011144934.0
=006  m\\\\\o\\d\\\\\\\\
=007  cr||||||||nn|n
=008  061129s2006\\\\mau\\\\\o\\\\\\00\0\eng\d
=010  \\$z  2006046629
=020  \\$a9780262272421
=020  \\$z0262272423
=020  \\$z9780262050852
=035  \\$a(OCoLC)1053443664
=040  \\$aMdBmJHUP$cMdBmJHUP
=100  1\$aEvans, David S.$q(David Sparks),$d1954-
=245  10$aInvisible Engines : $bHow Software Platforms Drive Innovation and Transform Industries / $cDavid S. Evans, Andrei Hagiu, and Richard Schmalensee.
=264  \1$aCambridge, Mass. :$bMIT Press,$c2006.
=264  \3$aBaltimore, Md. :$bProject MUSE, $c2018
=264  \4$c&copy;2006.
=300  \\$a1 online resource: $billustrations
=336  \\$atext$btxt$2rdacontent
=337  \\$acomputer$bc$2rdamedia
=338  \\$aonline resource$bcr$2rdacarrier
=505  0\$aInvisible engines -- Speaking in code -- Both sides now -- Dropouts and evangelists -- Pong -- The palm economy -- Ba-Ba-Ba-BAAAAH -- Dangerous intersections -- With a little help ... -- Some lunches are free -- When bigger is better -- Swept away.
=506  0\$aOpen Access$fUnrestricted online access$2star
=520  \\$a'Invisible Engines' examines the business dynamics & strategies used by firms that recognize the transformative power unleashed by the business & technology revolution - a revolution that will change both new & old industries.
=588  \\$aDescription based on print version record.
=650  \7$aAPI$2gnd
=650  \7$aTechnische Innovation$2gnd
=650  \7$aInnovationspotenzial$2gnd
=650  \7$aIndustries$xData processing.$2fast$0(OCoLC)fst00971870
=650  \7$aApplication program interfaces (Computer software)$2fast$0(OCoLC)fst00811704
=650  \7$aREFERENCE$xGeneral.$2bisacsh
=650  \7$aAPIs (interfaces)$2aat
=650  \6$aIndustrie$xInformatique.
=650  \6$aInterfaces de programmation d'applications.
=650  \0$aIndustries$xData processing.
=650  \0$aApplication program interfaces (Computer software)
=655  \7$aElectronic books. $2local
=700  1\$aSchmalensee, Richard.
=700  1\$aHagiu, Andrei,$d1977-
=710  2\$aProject Muse.$edistributor
=830  \0$aBook collections on Project MUSE.
=856  40$zFull text available: $uhttps://muse.jhu.edu/book/60841/

