=LDR  03786cam a22005774a 4500
=001  musev2_60842
=003  MdBmJHUP
=005  20241011144934.0
=006  m\\\\\o\\d\\\\\\\\
=007  cr||||||||nn|n
=008  090304s2009\\\\mau\\\\\o\\\\\\00\0\eng\d
=010  \\$z  2009008614
=020  \\$a9780262258937
=020  \\$z0262258935
=020  \\$z9780262513654
=035  \\$a(OCoLC)1053157588
=040  \\$aMdBmJHUP$cMdBmJHUP
=245  00$aLiving and Learning with New Media : $bSummary of Findings from the Digital Youth Project / $cMizuko Ito [and others] ; with Sonja Baumer [and others].
=264  \1$aCambridge, Mass. :$bMIT Press,$c2009.
=264  \3$aBaltimore, Md. :$bProject MUSE, $c2018
=264  \4$c©2009.
=300  \\$a1 online resource: $billustrations
=336  \\$atext$btxt$2rdacontent
=337  \\$acomputer$bc$2rdamedia
=338  \\$aonline resource$bcr$2rdacarrier
=490  0\$aThe John D. and Catherine T. MacArthur Foundation reports on digital media and learning
=505  0\$aExecutive Summary ---- Living and Learning with New Media: Summary of Findings from the Digital Youth Project --- Research Approach --- Conceptual Framework ---- Conclusions and Implications.
=506  0\$aOpen Access$fUnrestricted online access$2star
=520  3\$aThis report summarizes the results of an ambitious three-year ethnographic study, funded by the John D. and Catherine T. MacArthur Foundation, into how young people are living and learning with new media in varied settings--at home, in after school programs, and in online spaces. It offers a condensed version of a longer treatment provided in the book Hanging Out, Messing Around, and Geeking Out (MIT Press, 2009). The authors present empirical data on new media in the lives of American youth in order to reflect upon the relationship between new media and learning. In one of the largest qualitative and ethnographic studies of American youth culture, the authors view the relationship of youth and new media not simply in terms of technology trends but situated within the broader structural conditions of childhood and the negotiations with adults that frame the experience of youth in the United States.The book that this report summarizes was written as a collaborative effort by members of the Digital Youth Project, a three-year research effort funded by the John D. and Catherine T. MacArthur Foundation and conducted at the University of California, Berkeley, and the University of Southern California.John D. and Catherine T. MacArthur Reports on Digital Media and Learning.
=546  \\$aEnglish.
=588  \\$aDescription based on print version record.
=650  \7$aTechnology and youth.$2fast$0(OCoLC)fst01145278
=650  \7$aMass media and youth.$2fast$0(OCoLC)fst01011384
=650  \7$aLearning$xSocial aspects.$2fast$0(OCoLC)fst00994845
=650  \7$aDigital media$xSocial aspects.$2fast$0(OCoLC)fst01766776
=650  \7$aImpact of science & technology on society.$2bicssc
=650  \7$aEducational equipment & technology, computer-aided learning (CAL)$2bicssc
=650  \6$aMedias et jeunesse$zÉtats-Unis.
=650  \6$aMedias numeriques$zÉtats-Unis$xAspect social.
=650  \6$aTechnologie et jeunesse$zÉtats-Unis.
=650  \6$aApprentissage$xAspect social.
=650  \0$aMass media and youth$zUnited States.
=650  \0$aDigital media$xSocial aspects$zUnited States.
=650  \0$aTechnology and youth$zUnited States.
=650  \0$aLearning$xSocial aspects.
=651  \7$aUnited States.$2fast$0(OCoLC)fst01204155
=655  \7$aElectronic books. $2local
=700  1\$aItō, Mizuko.
=710  2\$aProject Muse.$edistributor
=830  \0$aBook collections on Project MUSE.
=856  40$zFull text available: $uhttps://muse.jhu.edu/book/60842/

