=LDR  04923cam a22006254a 4500
=001  musev2_60844
=003  MdBmJHUP
=005  20241011144936.0
=006  m\\\\\o\\d\\\\\\\\
=007  cr||||||||nn|n
=008  080226s2008\\\\mau\\\\\o\\\\\\00\0\eng\d
=010  \\$z  2007010334
=020  \\$a9780262255998
=020  \\$z0262255995
=020  \\$z9780262042451
=035  \\$a(OCoLC)1053193569
=040  \\$aMdBmJHUP$cMdBmJHUP
=245  00$aAccess Denied : $bThe Practice and Policy of Global Internet Filtering / $cedited by Ronald Deibert [and others].
=264  \1$aCambridge, Mass. :$bMIT Press,$c2008.
=264  \3$aBaltimore, Md. :$bProject MUSE, $c2018
=264  \4$c©2008.
=300  \\$a1 online resource: $billustrations, maps
=336  \\$atext$btxt$2rdacontent
=337  \\$acomputer$bc$2rdamedia
=338  \\$aonline resource$bcr$2rdacarrier
=490  0\$aThe information revolution and global politics
=505  0\$aMeasuring global Internet filtering / Robert Faris and Nart Villeneuve -- Internet filtering : the politics and mechanisms of control / Jonathan Zittrain and John Palfrey -- Tools and technology of Internet filtering / Steven J. Murdoch and Ross Anderson -- Filtering and the international system : a question of commitment / Mary Rundle and Malcolm Birdling -- Reluctant gatekeepers : corporate ethics on a filtered Internet / Jonathan Zittrain and John Palfrey -- Good for liberty, bad for security? : global civil society and the securitization of the Internet / Ronald Deibert and Rafal Rohozinski -- Regional overviews -- Country summaries.
=506  0\$aOpen Access$fUnrestricted online access$2star
=520  \\$aMany countries around the world block or filter Internet content, denying access to information that they deem too sensitive for ordinary citizens--most often about politics, but sometimes relating to sexuality, culture, or religion. Access Denied documents and analyzes Internet filtering practices in more than three dozen countries, offering the first rigorously conducted study of an accelerating trend. Internet filtering takes place in more than three dozen states worldwide, including many countries in Asia, the Middle East, and North Africa. Related Internet content-control mechanisms are also in place in Canada, the United States and a cluster of countries in Europe. Drawing on a just-completed survey of global Internet filtering undertaken by the OpenNet Initiative (a collaboration of the Berkman Center for Internet and Society at Harvard Law School, the Citizen Lab at the University of Toronto, the Oxford Internet Institute at Oxford University, and the University of Cambridge) and relying on work by regional experts and an extensive network of researchers, Access Denied examines the political, legal, social, and cultural contexts of Internet filtering in these states from a variety of perspectives. Chapters discuss the mechanisms and politics of Internet filtering, the strengths and limitations of the technology that powers it, the relevance of international law, ethical considerations for corporations that supply states with the tools for blocking and filtering, and the implications of Internet filtering for activist communities that increasingly rely on Internet technologies for communicating their missions. Reports on Internet content regulation in forty different countries follow, with each two-page country profile outlining the types of content blocked by category and documenting key findings. ContributorsRoss Anderson, Malcolm Birdling, Ronald Deibert, Robert Faris, Vesselina Haralampieva [as per Rob Faris], Steven Murdoch, Helmi Noman, John Palfrey, Rafal Rohozinski, Mary Rundle, Nart Villeneuve, Stephanie Wang, Jonathan Zittrain.
=546  \\$aEnglish.
=588  \\$aDescription based on print version record.
=650  17$aOverheidsbeleid.$2gtt
=650  17$aCensuur.$2gtt
=650  17$aFiltering (signalen)$2gtt
=650  17$aInternet.$2gtt
=650  \7$aInternet$2gnd
=650  \7$aMedienfreiheit$2gnd
=650  \7$aZensur$2gnd
=650  \7$aInternet$xGovernment policy.$2fast$0(OCoLC)fst00977191
=650  \7$aInternet$xCensorship.$2fast$0(OCoLC)fst00977185
=650  \7$aComputers$xAccess control.$2fast$0(OCoLC)fst00872779
=650  \7$aCOMPUTERS$xSecurity$xGeneral.$2bisacsh
=650  \7$aCOMPUTERS$xNetworking$xSecurity.$2bisacsh
=650  \7$aCOMPUTERS$xInternet$xSecurity.$2bisacsh
=650  \6$aInternet$xPolitique gouvernementale.
=650  \6$aInternet$xCensure.
=650  \6$aOrdinateurs$xAcces$xContrôle.
=650  \0$aInternet$xGovernment policy.
=650  \0$aInternet$xCensorship.
=650  \0$aComputers$xAccess control.
=655  \7$aElectronic books. $2local
=700  1\$aDeibert, Ronald.
=710  2\$aProject Muse.$edistributor
=830  \0$aBook collections on Project MUSE.
=856  40$zFull text available: $uhttps://muse.jhu.edu/book/60844/

