=LDR  04050cam a22005054a 4500
=001  musev2_60845
=003  MdBmJHUP
=005  20241011144936.0
=006  m\\\\\o\\d\\\\\\\\
=007  cr||||||||nn|n
=008  180721s2018\\\\mau\\\\\o\\\\\\00\0\eng\d
=020  \\$a9780262346078
=020  \\$z0262346079
=020  \\$z9780262037808
=035  \\$a(OCoLC)1045194812
=040  \\$aMdBmJHUP$cMdBmJHUP
=100  1\$aKlopfer, Eric,$eauthor.
=245  10$aResonant Games : $bDesign Principles for Learning Games that Connect Hearts, Minds, and the Everyday / $cEric Klopfer, Jason Haas, Scot Osterweil, and Louisa Rosenheck.
=264  \1$aCambridge, Massachusetts :$bThe MIT Press,$c[2018]
=264  \3$aBaltimore, Md. :$bProject MUSE, $c2018
=264  \4$c&copy;[2018]
=300  \\$a1 online resource.
=336  \\$atext$btxt$2rdacontent
=337  \\$acomputer$bc$2rdamedia
=338  \\$aonline resource$bcr$2rdacarrier
=490  0\$aThe John D. and Catherine T. Macarthur Foundation series on digital media and learning
=505  0\$aIntro; Contents; Series Foreword; Foreword; Notes; 1 Our Game Could Be Your Life; The Principles; The Games; 2 Resonant Learning; Learning; Play; Games; Games and School; Games, Learning, and Design; 3 In a Game, You Can Be Whoever You Want to Be; Settling on an Approach; The Story; Puzzles; Game Structure; Pedagogy; Collaboration and Reflection; Integrating Game Play and Narrative; Conclusions; 4 "I Wish I Could Go On Here Forever"; A Game for Science Practice; The Design and Development of Vanished; Learning to Save the World by "Saving the World."
=505  0\$aCollective Intelligence, Citizen Science, and More!Squaring the ARG Pyramid; Make-Believe Scientists; We Saved the World-Now What?; 5 Discovering the Secret World of Ysola; The Radix Project; Game and Learning Designs; The Player Experience; Embarking on the Quest; Building the Argument; Repeating the Experiment; Reporting the Discoveries; Systems for Exploration; The Multiplayer Experience; Bridge Curriculum; Culture of Inquiry; School Systems; Professional Development; The Complete Package; 6 Beetles, Beasties, and Bunnies in Your Back Pocket; The UbiqBio Project.
=505  0\$aBeetle Breeders: Mendelian GeneticsInvasion of the Beasties: mRNA & Translation; Island Hoppers: Evolution; Chomp!: Food Webs; More Ubiquitous Games; Other Educational Games; Designing Ubiq Games; Adaptive Experiences; Practice-Based Rounds; Adaptive Leveling; Comparison; The Codesign Process; Integration into Life and School; Games that Fit into Everyday Life; Games that Fit into the Classroom; Aligning with Standards and Curriculum; Connecting Data to Practice; Flexibility of Use; Conclusion; 7 Doorway to Games; "Game" Design and "game" Design; Past Partnerships; Problematic Partnerships.
=505  0\$aThe Doorway to Doorway to DreamsGame-Changing Games; A Financial Entertainment Empire; Innovating Partners; Success Is Learning from Failure; Schools; Research Op; Conclusions; Note; 8 Measuring Resonant Success; Artifacts; Affect; Audience; Assessments; Analytics; Context; Application; Resonating Research; 9 Games not Gamification; Promises and Perils; Looking Forward; References; Index.
=506  0\$aOpen Access$fUnrestricted online access$2star
=520  \\$aPrinciples for designing educational games that integrate content and play and create learning experiences connecting to many areas of learners' lives.
=588  \\$aDescription based on print version record.
=610  20$aEducation Arcade (Project)
=650  \7$aVideo games in education.$2fast$0(OCoLC)fst01919513
=650  \7$aEDUCATION / General.$2bisacsh
=650  \6$aJeux video en education.
=650  \0$aVideo games in education.
=655  \7$aElectronic books. $2local
=700  1\$aRosenheck, Louisa,$eauthor.
=700  1\$aOsterweil, Scot,$eauthor.
=700  1\$aHaas, Jason,$eauthor.
=710  2\$aProject Muse.$edistributor
=830  \0$aBook collections on Project MUSE.
=856  40$zFull text available: $uhttps://muse.jhu.edu/book/60845/

