=LDR  04467cam a22006134a 4500
=001  musev2_60846
=003  MdBmJHUP
=005  20241011144937.0
=006  m\\\\\o\\d\\\\\\\\
=007  cr||||||||nn|n
=008  101005r20102007mau\\\\\o\\\\\\00\0\eng\d
=020  \\$a9780262256018
=020  \\$z0262256010
=020  \\$z9780262042406
=035  \\$a(OCoLC)1053171939
=040  \\$aMdBmJHUP$cMdBmJHUP
=100  1\$aDiffie, Whitfield.
=245  10$aPrivacy on the Line : $bThe Politics of Wiretapping and Encryption / $cWhitfield Diffie and Susan Landau.
=250  \\$aUpdated and expanded ed.
=264  \1$aLondon :$bMIT Press,$c2010.
=264  \3$aBaltimore, Md. :$bProject MUSE, $c2018
=264  \4$c©2010.
=300  \\$a1 online resource: $billustrations
=336  \\$atext$btxt$2rdacontent
=337  \\$acomputer$bc$2rdamedia
=338  \\$aonline resource$bcr$2rdacarrier
=505  0\$aPreface to the Updated and Expanded Edition; Preface to the First Edition; Acknowledgements; 1 -- Introduction; 2 -- Cryptography; 3 -- Cryptography and Public Policy; 4 -- National Security; 5 -- Law Enforcement; 6 -- Privacy: Protections and Threats; 7 -- Wiretapping; 8 -- Communications in the 1990s; 9 -- Cryptography in the 1990s; 10 -- And Then It All Changed; 11 -- Apres le Deluge; 12 -- Conclusion; Notes; Glossary; Bibliography; Index.
=506  0\$aOpen Access$fUnrestricted online access$2star
=520  \\$aTelecommunication has never been perfectly secure. The Cold War culture of recording devices in telephone receivers and bugged embassy offices has been succeeded by a post-9/11 world of NSA wiretaps and demands for data retention. Although the 1990s battle for individual and commercial freedom to use cryptography was won, growth in the use of cryptography has been slow. Meanwhile, regulations requiring that the computer and communication industries build spying into their systems for government convenience have increased rapidly. The application of the 1994 Communications Assistance for Law Enforcement Act has expanded beyond the intent of Congress to apply to voice over Internet Protocol (VoIP) and other modern data services; attempts are being made to require ISPs to retain their data for years in case the government wants it; and data mining techniques developed for commercial marketing applications are being applied to widespread surveillance of the population. In Privacy on the Line, Whitfield Diffie and Susan Landau strip away the hype surrounding the policy debate over privacy to examine the national security, law enforcement, commercial, and civil liberties issues. They discuss the social function of privacy, how it underlies a democratic society, and what happens when it is lost. This updated and expanded edition revises their original - and prescient - discussions of both policy and technology in light of recent controversies over NSA spying and other government threats to communications privacy.
=588  \\$aDescription based on print version record.
=650  \7$aWiretapping.$2fast$0(OCoLC)fst01176227
=650  \7$aTelecommunication$xPolitical aspects.$2fast$0(OCoLC)fst01145912
=650  \7$aPrivacy, Right of.$2fast$0(OCoLC)fst01077444
=650  \7$aElectronic intelligence.$2fast$0(OCoLC)fst00907316
=650  \7$aData encryption (Computer science)$xLaw and legislation.$2fast$0(OCoLC)fst00887937
=650  \7$aElectronic surveillance$xPolitical aspects.$2fast$0(OCoLC)fst02012859
=650  \7$aLAW$xPublic.$2bisacsh
=650  \7$aLAW$xConstitutional.$2bisacsh
=650  \6$aÉcoute electronique$zÉtats-Unis.
=650  \6$aTelecommunications$xAspect politique$zÉtats-Unis.
=650  \6$aSurveillance electronique$xAspect politique$zÉtats-Unis.
=650  \6$aRenseignement electronique$zÉtats-Unis.
=650  \0$aWiretapping$zUnited States.
=650  \0$aTelecommunication$xPolitical aspects$zUnited States.
=650  \0$aPrivacy, Right of$zUnited States.
=650  \0$aElectronic surveillance$xPolitical aspects$zUnited States.
=650  \0$aElectronic intelligence$zUnited States.
=650  \0$aData encryption (Computer science)$xLaw and legislation$zUnited States.
=651  \7$aUnited States.$2fast$0(OCoLC)fst01204155
=655  \7$aElectronic books. $2local
=700  1\$aLandau, Susan Eva.
=710  2\$aProject Muse.$edistributor
=830  \0$aBook collections on Project MUSE.
=856  40$zFull text available: $uhttps://muse.jhu.edu/book/60846/

