=LDR  01572cam a22004454a 4500
=001  musev2_60847
=003  MdBmJHUP
=005  20241011144937.0
=006  m\\\\\o\\d\\\\\\\\
=007  cr||||||||nn|n
=008  170301s2017\\\\mau\\\\\o\\\\\\00\0\eng\d
=010  \\$z  2016045856
=020  \\$a9780262340380
=020  \\$z0262340380
=020  \\$z9780262036269
=035  \\$a(OCoLC)1053193568
=040  \\$aMdBmJHUP$cMdBmJHUP
=050  04$aHJ5316$b.G56 2017
=082  0\$a363.738/746$223
=245  00$aGlobal Carbon Pricing : $bThe Path to Climate Cooperation / $cedited by Peter Cramton, David JC MacKay, Axel Ockenfels, and Steven Stoft.
=264  \1$aCambridge, MA :$bMIT Press,$c[2017]
=264  \3$aBaltimore, Md. :$bProject MUSE, $c2018
=264  \4$c&copy;[2017]
=300  \\$a1 online resource: $billustrations ;
=336  \\$atext$btxt$2rdacontent
=337  \\$acomputer$bc$2rdamedia
=338  \\$aonline resource$bcr$2rdacarrier
=504  \\$aIncludes bibliographical references and index.
=506  0\$aOpen Access$fUnrestricted online access$2star
=588  \\$aDescription based on print version record.
=650  \0$aGreenhouse gas mitigation.
=650  \0$aEnvironmental impact charges.
=650  \0$aCarbon taxes.
=655  \7$aElectronic books. $2local
=700  1\$aOckenfels, Axel,$eeditor.
=700  1\$aMacKay, David J. C.,$eeditor.
=700  1\$aCramton, Peter C.,$eeditor.
=710  2\$aProject Muse.$edistributor
=830  \0$aBook collections on Project MUSE.
=856  40$zFull text available: $uhttps://muse.jhu.edu/book/60847/

