=LDR  04973cam a22006374a 4500
=001  musev2_60848
=003  MdBmJHUP
=005  20241011144938.0
=006  m\\\\\o\\d\\\\\\\\
=007  cr||||||||nn|n
=008  141103s2014\\\\mau\\\\\o\\\\\\00\0\eng\d
=020  \\$a9780262322805
=020  \\$z0262322803
=020  \\$z9780262028202
=035  \\$a(OCoLC)1053171938
=040  \\$aMdBmJHUP$cMdBmJHUP
=100  1\$aCostanza-Chock, Sasha,$d1976-$eauthor.
=245  10$aOut of the Shadows, Into the Streets! : $bTransmedia Organizing and the Immigrant Rights Movement / $cSasha Costanza-Chock.
=264  \1$aCambridge Massachusetts :$bThe MIT Press,$c[2014]
=264  \3$aBaltimore, Md. :$bProject MUSE, $c2018
=264  \4$c©[2014]
=300  \\$a1 online resource: $billustrations
=336  \\$atext$btxt$2rdacontent
=337  \\$acomputer$bc$2rdamedia
=338  \\$aonline resource$bcr$2rdacarrier
=500  \\$aForeword by Manuel Castells.
=505  00$g1$tA Day Without an Immigrant: Social Movements and the Media Ecology$g20 --$g2$tWalkout Warriors: Transmedia Organizing$g46 --$g3$t"MacArthur Park Melee": From Spokespeople to Amplifiers$g68 --$g4$tAPPO-LA: Translocal Media Practices$g86 --$g5$tWorker Centers, Popular Education, and Critical Digital Media Literacy$g102 --$g6$tOut of the Closets, Out of the Shadows, and Into the Streets: Pathways to Participation in DREAM Activist Networks$g128 --$g7$tDefine American, The Dream is Now, and FWD.us: Professionalization and Accountability in Transmedia Organizing$g154.
=506  0\$aOpen Access$fUnrestricted online access$2star
=520  \\$a"For decades, social movements have vied for attention from the mainstream mass media--newspapers, radio, and television. Today, many argue that social media power social movements, from the Egyptian revolution to Occupy Wall Street. Yet, as Sasha Costanza-Chock reports, community organizers know that social media enhance, rather than replace, face-to-face organizing. The revolution will be tweeted, but tweets alone do not the revolution make. In Out of the Shadows, Into the Streets! Costanza-Chock traces a much broader social movement media ecology. Through a richly detailed account of daily media practices in the immigrant rights movement, he argues that there is a new paradigm of social movement media making: transmedia organizing. Despite the current spotlight on digital media, he finds, social movement media practices tend to be cross-platform, participatory, and linked to action. Immigrant rights organizers leverage social media creatively, even as they create media ranging from posters and street theater to Spanish-language radio, print, and television. Drawing on extensive interviews, workshops, and media organizing projects, Costanza-Chock presents case studies of transmedia organizing in the immigrant rights movement over the last decade. Chapters focus on the historic mass protests against the anti-immigrant Sensenbrenner Bill; coverage of police brutality against peaceful activists; efforts to widen access to digital media tools and skills for low-wage immigrant workers; paths to participation in DREAM activism; and the implications of professionalism for transmedia organizing. These cases show us how savvy transmedia organizers work to strengthen movement identity, win political and economic victories, and transform public consciousness forever."--Publisher's description
=588  \\$aDescription based on print version record.
=651  \7$aUnited States.$2fast$0(OCoLC)fst01204155
=651  \7$aEurope.$2fast$0(OCoLC)fst01245064
=651  \6$aEurope$xÉmigration et immigration$xPolitique gouvernementale.
=651  \0$aEurope$xEmigration and immigration$xGovernment policy.
=651  \0$aUnited States$xEmigration and immigration$xGovernment policy.
=650  \7$aSocial justice.$2fast$0(OCoLC)fst01122603
=650  \7$aMass media.$2fast$0(OCoLC)fst01011219
=650  \7$aImmigrants$xCivil rights.$2fast$0(OCoLC)fst00967717
=650  \7$aEmigration and immigration$xGovernment policy.$2fast$0(OCoLC)fst00908700
=650  \7$aSOCIAL SCIENCE$xMedia Studies.$2bisacsh
=650  \7$aPOLITICAL SCIENCE$xPolitical Freedom & Security$xHuman Rights.$2bisacsh
=650  \7$aPOLITICAL SCIENCE$xPolitical Freedom & Security$xCivil Rights.$2bisacsh
=650  \6$aJustice sociale$zEurope.
=650  \6$aMedias$zEurope.
=650  \6$aJustice sociale$zÉtats-Unis.
=650  \0$aSocial justice$zEurope.
=650  \0$aMass media$zEurope.
=650  \0$aImmigrants$xCivil rights$zEurope.
=650  \0$aSocial justice$zUnited States.
=650  \0$aMass media$zUnited States.
=650  \0$aImmigrants$xCivil rights$zUnited States.
=655  \7$aElectronic books. $2local
=700  1\$aCastells, Manuel,$d1942-$ewriter of foreword.
=710  2\$aProject Muse.$edistributor
=830  \0$aBook collections on Project MUSE.
=856  40$zFull text available: $uhttps://muse.jhu.edu/book/60848/

