=LDR  02578cam a22006014a 4500
=001  musev2_61263
=003  MdBmJHUP
=005  20241011145419.0
=006  m\\\\\o\\d\\\\\\\\
=007  cr||||||||nn|n
=008  100423s1970\\\\nyu\\\\\o\\\\\\00\0\eng\d
=020  \\$a9781684450022
=020  \\$z1684450020
=020  \\$z9780815601616
=020  \\$z0815601611
=035  \\$a(OCoLC)1053885826
=040  \\$aMdBmJHUP$cMdBmJHUP
=100  1\$aChazanof, William,$d1915-1999.
=245  10$aJoseph Ellicott and the Holland Land Company : $bThe Opening of Western New York
=250  \\$a[1st ed.]
=264  \1$aSyracuse, N.Y.]$bSyracuse University Press$c[1970]
=264  \3$aBaltimore, Md. :$bProject MUSE, $c2018
=264  \4$c&copy;[1970]
=300  \\$a1 online resource: $bmaps, portraits
=336  \\$atext$btxt$2rdacontent
=337  \\$acomputer$bc$2rdamedia
=338  \\$aonline resource$bcr$2rdacarrier
=490  0\$aA New York State study
=505  0\$aIntroduction -- The great survey -- Many applicants, few buyers -- Reluctant politician -- The big family -- Roads and the unhappy taxpayer -- Problems of an expanding population -- The War of 1812 -- The Barik of Niagara -- The Grand Canal -- "Give in your demission yourself."
=506  0\$aOpen Access$fUnrestricted online access$2star
=588  \\$aDescription based on print version record.
=600  17$aEllicott, Joseph,$d1760-1826.$2fast$0(OCoLC)fst00110832
=600  11$aEllicott, Joseph,$d1760-1826.
=600  10$aEllicott, Joseph,$d1760-1826.
=610  27$aHolland Land Company.$2fast$0(OCoLC)fst00592393
=610  20$aHolland Land Company.
=650  \7$aSurveyors.$2fast$0(OCoLC)fst01139621
=650  \7$aHISTORY$zUnited States$xState & Local$xMiddle Atlantic (DC, DE, MD, NJ, NY, PA)$2bisacsh
=650  \0$aSurveyors$zNew York (State), Western$vBiography.
=651  \7$aWestern New York (State)$2fast$0(OCoLC)fst01692701
=651  \6$aNew York (Ouest)$xHistoire$y19e siecle.
=651  \6$aNew York (Ouest)$xHistoire$y18e siecle.
=651  \0$aNew York (State), Western$xHistory$y19th century.
=651  \0$aNew York (State), Western$xHistory$y18th century.
=655  \7$aBiographies.$2rvmgf
=655  \7$aBiographies.$2lcgft
=655  \7$aHistory.$2fast$0(OCoLC)fst01411628
=655  \7$aBiographies.$2fast$0(OCoLC)fst01919896
=655  \7$acollective biographies.$2aat
=655  \7$aElectronic books. $2local
=710  2\$aProject Muse.$edistributor
=830  \0$aBook collections on Project MUSE.
=856  40$zFull text available: $uhttps://muse.jhu.edu/book/61263/

