=LDR  01857cam a22004574a 4500
=001  musev2_61264
=003  MdBmJHUP
=005  20241011145419.0
=006  m\\\\\o\\d\\\\\\\\
=007  cr||||||||nn|n
=008  101126s2011\\\\mdu\\\\\o\\\\\\00\0\eng\d
=020  \\$a9781421428246
=020  \\$z9781421400860
=020  \\$z9781421403472
=020  \\$z9781421400877
=035  \\$a(OCoLC)1053887531
=040  \\$aMdBmJHUP$cMdBmJHUP
=100  1\$aRoof, Tracy.
=245  10$aAmerican Labor, Congress, and the Welfare State, 1935-2010 / $cTracy Roof.
=264  \1$aBaltimore :$bJohns Hopkins University Press,$c2011.
=264  \3$aBaltimore, Md. :$bProject MUSE, $c2018
=264  \4$c©2011.
=300  \\$a1 online resource (296 pages): $billustrations
=336  \\$atext$btxt$2rdacontent
=337  \\$acomputer$bc$2rdamedia
=338  \\$aonline resource$bcr$2rdacarrier
=506  0\$aOpen Access$fUnrestricted online access$2star
=520  \\$aRoof's shrewd exploration of unions, Congress, and the political process challenges conventional explanations for organized labor's political failings.
=588  \\$aDescription based on print version record.
=650  \7$aWelfare state.$2fast$0(OCoLC)fst01173685
=650  \7$aLabor unions$xPolitical activity.$2fast$0(OCoLC)fst00990299
=650  \6$aSyndicats$xActivite politique$zÉtats-Unis$xHistoire.
=650  \6$aÉtat providence$zÉtats-Unis$xHistoire.
=650  \0$aLabor unions$xPolitical activity$zUnited States$xHistory.
=650  \0$aWelfare state$zUnited States$xHistory.
=651  \7$aUnited States.$2fast$0(OCoLC)fst01204155
=655  \7$aHistory.$2fast$0(OCoLC)fst01411628
=655  \7$aElectronic books. $2local
=710  2\$aProject Muse.$edistributor
=830  \0$aBook collections on Project MUSE.
=856  40$zFull text available: $uhttps://muse.jhu.edu/book/61264/

