=LDR  01351cam a22003974a 4500
=001  musev2_61290
=003  MdBmJHUP
=005  20241011145437.0
=006  m\\\\\o\\d\\\\\\\\
=007  cr||||||||nn|n
=008  791105s1980\\\\hiu\\\\\o\\\\\\00\0\eng\d
=010  \\$z   79024540 
=020  \\$a9780824880071
=020  \\$z0824880072
=035  \\$a(OCoLC)1053881287
=040  \\$aMdBmJHUP$cMdBmJHUP
=043  \\$an-us-hi
=050  04$aDU625$b.H75
=082  0\$a996.9/04$219
=100  1\$aHooper, Paul F.,$d1938-
=245  10$aElusive Destiny : $bThe Internationalist Movement in Modern Hawaii / $cPaul F. Hooper.
=264  \1$aHonolulu :$bUniversity Press of Hawaii,$c1980.
=264  \3$aBaltimore, Md. :$bProject MUSE, $c2018
=264  \4$c&copy;1980.
=300  \\$a1 online resource: $bill. ;
=336  \\$atext$btxt$2rdacontent
=337  \\$acomputer$bc$2rdamedia
=338  \\$aonline resource$bcr$2rdacarrier
=504  \\$aIncludes bibliographical references and index.
=506  0\$aOpen Access$fUnrestricted online access$2star
=588  \\$aDescription based on print version record.
=651  \0$aHawaii$xPolitics and government$y1959-
=655  \7$aElectronic books. $2local
=710  2\$aProject Muse.$edistributor
=830  \0$aBook collections on Project MUSE.
=856  40$zFull text available: $uhttps://muse.jhu.edu/book/61290/

