=LDR  01612cam a22004454a 4500
=001  musev2_61490
=003  MdBmJHUP
=005  20241011145650.0
=006  m\\\\\o\\d\\\\\\\\
=007  cr||||||||nn|n
=008  040927s2005\\\\miu\\\\\o\\\\\\00\0\eng\d
=010  \\$z  2004022771
=020  \\$a9780814344606
=020  \\$z9780814344613
=020  \\$z0814344607
=035  \\$a(OCoLC)1055136034
=040  \\$aMdBmJHUP$cMdBmJHUP
=043  \\$anl-----
=050  04$aML3551.7.G74$bS65 2005
=082  0\$a782.42162/130774$222
=245  00$aSongquest : $bThe Journals of Great Lakes Folklorist Ivan H. Walton / $cedited by Joe Grimm ; introduction by Laurie Kay Sommers.
=264  \1$aDetroit :$bWayne State University Press,$c2005.
=264  \3$aBaltimore, Md. :$bProject MUSE, $c2018
=264  \4$c&copy;2005.
=300  \\$a1 online resource: $bill. ;
=336  \\$atext$btxt$2rdacontent
=337  \\$acomputer$bc$2rdamedia
=338  \\$aonline resource$bcr$2rdacarrier
=504  \\$aIncludes bibliographical references (p. 237-238), and indexes.
=506  0\$aOpen Access$fUnrestricted online access$2star
=588  \\$aDescription based on print version record.
=650  \0$aFolk music$zGreat Lakes (North America)$xHistory and criticism.
=650  \0$aSea songs$zGreat Lakes (North America)$xHistory and criticism.
=600  10$aWalton, Ivan.
=655  \7$aElectronic books. $2local
=700  1\$aGrimm, Joe.
=700  1\$aWalton, Ivan.
=710  2\$aProject Muse.$edistributor
=830  \0$aBook collections on Project MUSE.
=856  40$zFull text available: $uhttps://muse.jhu.edu/book/61490/

