=LDR  01406cam a22004214a 4500
=001  musev2_61491
=003  MdBmJHUP
=005  20241011145652.0
=006  m\\\\\o\\d\\\\\\\\
=007  cr||||||||nn|n
=008  860930s1987\\\\miu\\\\\o\\\\\\00\0\eng\d
=010  \\$z   86026657 
=020  \\$a9780814344859
=020  \\$z0814344852
=035  \\$a(OCoLC)1055142843
=040  \\$aMdBmJHUP$cMdBmJHUP
=043  \\$ae------
=050  04$aCD5513$b.F75 1987
=082  0\$a737/.6/094$219
=100  1\$aFriedenberg, Daniel M.
=245  10$aMedieval Jewish Seals from Europe / $cDaniel M. Friedenberg.
=264  \1$aDetroit :$bWayne State University Press,$c1987.
=264  \3$aBaltimore, Md. :$bProject MUSE, $c2018
=264  \4$c&copy;1987.
=300  \\$a1 online resource: $bill. ;
=336  \\$atext$btxt$2rdacontent
=337  \\$acomputer$bc$2rdamedia
=338  \\$aonline resource$bcr$2rdacarrier
=500  \\$aIncludes index.
=504  \\$aBibliography: p. 377-385.
=506  0\$aOpen Access$fUnrestricted online access$2star
=588  \\$aDescription based on print version record.
=650  \0$aSeals (Numismatics)$zEurope$xCatalogs.
=650  \0$aJewish seals (Numismatics)$zEurope$xCatalogs.
=655  \7$aElectronic books. $2local
=710  2\$aProject Muse.$edistributor
=830  \0$aBook collections on Project MUSE.
=856  40$zFull text available: $uhttps://muse.jhu.edu/book/61491/

