=LDR  01580cam a22004454a 4500
=001  musev2_61494
=003  MdBmJHUP
=005  20241011145654.0
=006  m\\\\\o\\d\\\\\\\\
=007  cr||||||||nn|n
=008  960319s1996\\\\miu\\\\\o\\\\\\00\0\eng\d
=010  \\$z   96005939 
=020  \\$a9780814344583
=020  \\$z9780814344590
=020  \\$z0814344585
=035  \\$a(OCoLC)1055142971
=040  \\$aMdBmJHUP$cMdBmJHUP
=043  \\$aa-is---$an-us---
=050  04$aDS151.A2$bB76 1996
=082  0\$a320.5/4/095694092$aB$220
=100  1\$aBrown, Michael$q(Michael G.),$d1938-
=245  14$aThe Israeli-American Connection : $bIts Roots in the Yishuv, 1914-1945 / $cMichael Brown.
=264  \1$aDetroit :$bWayne State University Press,$c1996.
=264  \3$aBaltimore, Md. :$bProject MUSE, $c2018
=264  \4$c&copy;1996.
=300  \\$a1 online resource: $bill. ;
=336  \\$atext$btxt$2rdacontent
=337  \\$acomputer$bc$2rdamedia
=338  \\$aonline resource$bcr$2rdacarrier
=504  \\$aIncludes bibliographical references (p. 357-377) and indexes.
=506  0\$aOpen Access$fUnrestricted online access$2star
=588  \\$aDescription based on print version record.
=650  \0$aZionism$zUnited States.
=650  \0$aZionists$zPalestine$xBiography.
=651  \0$aPalestine$xRelations$zUnited States.
=651  \0$aUnited States$xRelations$zPalestine.
=655  \7$aElectronic books. $2local
=710  2\$aProject Muse.$edistributor
=830  \0$aBook collections on Project MUSE.
=856  40$zFull text available: $uhttps://muse.jhu.edu/book/61494/

