=LDR  01523cam a22004334a 4500
=001  musev2_61495
=003  MdBmJHUP
=005  20241011145654.0
=006  m\\\\\o\\d\\\\\\\\
=007  cr||||||||nn|n
=008  971003s1998\\\\miu\\\\\o\\\\\\00\0\eng\d
=010  \\$z   97036411 
=020  \\$a9780814344668
=020  \\$z9780814344675
=020  \\$z0814344666
=035  \\$a(OCoLC)1055134368
=040  \\$aMdBmJHUP$cMdBmJHUP
=043  \\$an-us---
=050  04$aPS3523.E96$bZ76 1998
=082  0\$a813/.52$aB$221
=100  1\$aMelnick, Ralph.
=245  14$aThe Life and Work of Ludwig Lewisohn : $bVolume 1: "A Touch of Wildness" / $cRalph Melnick.
=264  \1$aDetroit :$bWayne State University Press,$c1998.
=264  \3$aBaltimore, Md. :$bProject MUSE, $c2018
=264  \4$c&copy;1998.
=300  \\$a1 online resource: $bill. ;
=336  \\$atext$btxt$2rdacontent
=337  \\$acomputer$bc$2rdamedia
=338  \\$aonline resource$bcr$2rdacarrier
=504  \\$aIncludes bibliographical references and indexes.
=505  0\$av. 1. A touch of wildness -- v. 2. This dark and desperate age.
=506  0\$aOpen Access$fUnrestricted online access$2star
=588  \\$aDescription based on print version record.
=600  10$aLewisohn, Ludwig,$d1882-1955.
=650  \0$aAuthors, American$y20th century$xBiography.
=655  \7$aElectronic books. $2local
=710  2\$aProject Muse.$edistributor
=830  \0$aBook collections on Project MUSE.
=856  40$zFull text available: $uhttps://muse.jhu.edu/book/61495/

