=LDR  01500cam a22004334a 4500
=001  musev2_61496
=003  MdBmJHUP
=005  20241011145655.0
=006  m\\\\\o\\d\\\\\\\\
=007  cr||||||||nn|n
=008  890310m19891993miu\\\\\o\\\\\\00\0\eng\d
=010  \\$z   89005723 
=020  \\$a9780814344705
=020  \\$z9780814344712
=020  \\$z0814344704
=035  \\$a(OCoLC)1055143017
=040  \\$aMdBmJHUP$cMdBmJHUP
=043  \\$an-us---
=050  04$aE184.J5$bM237 1989
=082  0\$a973/.04924$220
=100  1\$aMarcus, Jacob Rader,$d1896-
=245  10$aUnited States Jewry, 1776-1985 : $bVolume 2, The Germanic Period / $cJacob Rader Marcus.
=264  \1$aDetroit :$bWayne State University Press,$c1989-c1993.
=264  \3$aBaltimore, Md. :$bProject MUSE, $c2018
=264  \4$c&copy;1989-c1993.
=300  \\$a1 online resource: $bill. ;
=336  \\$atext$btxt$2rdacontent
=337  \\$acomputer$bc$2rdamedia
=338  \\$aonline resource$bcr$2rdacarrier
=504  \\$aIncludes bibliographical references and indexes.
=506  0\$aOpen Access$fUnrestricted online access$2star
=588  \\$aDescription based on print version record.
=650  \0$aJudaism$zUnited States$xHistory.
=650  \0$aJews$zUnited States$xHistory.
=651  \0$aUnited States$xEthnic relations.
=655  \7$aElectronic books. $2local
=710  2\$aProject Muse.$edistributor
=830  \0$aBook collections on Project MUSE.
=856  40$zFull text available: $uhttps://muse.jhu.edu/book/61496/

