=LDR  01487cam a22004454a 4500
=001  musev2_61498
=003  MdBmJHUP
=005  20241011145656.0
=006  m\\\\\o\\d\\\\\\\\
=007  cr||||||||nn|n
=008  810116s1981\\\\miu\\\\\o\\\\\\00\0\eng\d
=010  \\$z   81000462 
=020  \\$a9780814344644
=020  \\$z9780814344651
=020  \\$z081434464X
=035  \\$a(OCoLC)1055139115
=040  \\$aMdBmJHUP$cMdBmJHUP
=043  \\$an-us---
=050  04$aHD1516.U6$bH4
=082  0\$a338.1/0973$219
=100  1\$aHerscher, Uri D.
=245  10$aJewish Agricultural Utopias in America, 1880-1910 / $cby Uri D. Herscher.
=264  \1$aDetroit :$bWayne State University Press,$c1981.
=264  \3$aBaltimore, Md. :$bProject MUSE, $c2018
=264  \4$c&copy;1981.
=300  \\$a1 online resource: $bill. ;
=336  \\$atext$btxt$2rdacontent
=337  \\$acomputer$bc$2rdamedia
=338  \\$aonline resource$bcr$2rdacarrier
=500  \\$aIncludes index.
=504  \\$aBibliography: p. 183-190.
=506  0\$aOpen Access$fUnrestricted online access$2star
=588  \\$aDescription based on print version record.
=650  \0$aJews$zUnited States$xHistory.
=650  \0$aJewish farmers$zUnited States$xHistory.
=650  \0$aAgricultural colonies$zUnited States$xHistory.
=655  \7$aElectronic books. $2local
=710  2\$aProject Muse.$edistributor
=830  \0$aBook collections on Project MUSE.
=856  40$zFull text available: $uhttps://muse.jhu.edu/book/61498/

