=LDR  03527cam a22007214a 4500
=001  musev2_61590
=003  MdBmJHUP
=005  20241011145800.0
=006  m\\\\\o\\d\\\\\\\\
=007  cr||||||||nn|n
=008  181005s1976\\\\nyu\\\\\o\\\\\\00\0\eng\d
=020  \\$a9781684450060
=020  \\$z1684450063
=020  \\$z9780815604327
=020  \\$z0815604327
=035  \\$a(OCoLC)1055846899
=040  \\$aMdBmJHUP$cMdBmJHUP
=100  1\$aEverest, Allan S.$q(Allan Seymour)$1https://id.oclc.org/worldcat/entity/E39PCjGDMbwDfcVtqfKdT4rHyb
=245  10$aMoses Hazen and the Canadian Refugees in the American Revolution / $cAllan S. Everest.
=250  \\$aFirst edition.
=264  \1$aSyracuse, N.Y. :$bSyracuse University Press,$c1976.
=264  \3$aBaltimore, Md. :$bProject MUSE, $c2018
=264  \4$c©1976.
=300  \\$a1 online resource.
=336  \\$atext$btxt$2rdacontent
=337  \\$acomputer$bc$2rdamedia
=338  \\$aonline resource$bcr$2rdacarrier
=490  0\$aA New York State study
=500  \\$a"Published for the New York State American Revolution Bicentennial Commission."
=505  0\$aForeword / John H.G. Pell -- Preface / Allan S. Everest -- The start of a military career -- Between the wars -- The coming of the Revolution -- The American Revolution, 1776-1778 -- The American Revolution, 1779-1781 -- Between war and peace, 1781-1783 -- The Canadians after the War -- Dreams and nightmares -- Afterword -- Appendix : locations of the Canadian Regiment during the War.
=506  0\$aOpen Access$fUnrestricted online access$2star
=520  \\$aMoses Hazen recruited Canadians from Quebec and Nova Scotia to join the Continental Army. After the war, many received land grants on the northern frontiers of New York.
=588  \\$aDescription based on print version record.
=600  17$aHazen, Moses,$d1733-1803$2fast$1https://id.oclc.org/worldcat/entity/E39PBJcWrV3XvV6wm8cYfCBgKd
=600  16$aHazen, Moses,$d1733-1803.
=600  12$aHazen, Moses,$d1733-1803
=600  11$aHazen, Moses,$d1733-1803.
=600  10$aHazen, Moses,$d1733-1803.
=610  17$aUnited States.$bContinental Army$2fast
=610  10$aUnited States.$bContinental Army$vBiography.
=651  \7$aUnited States$xMilitary history$yRevolution, 1775-1783.$2fssh
=651  \7$aCanada$xEmigration and immigration.$2fssh
=651  \7$aUnited States$2fast$1https://id.oclc.org/worldcat/entity/E39PBJtxgQXMWqmjMjjwXRHgrq
=651  \6$aÉtats-Unis$xHistoire$y1775-1783 (Revolution)$xRefugies.
=651  \6$aÉtats-Unis$xHistoire$y1775-1783 (Revolution)$xParticipation canadienne.
=651  \0$aUnited States$xHistory$yRevolution, 1775-1783$xRefugees.
=651  \0$aUnited States$xHistory$yRevolution, 1775-1783$xParticipation, Canadian.
=650  \7$aRefugees$2fast
=650  \7$aMilitary participation$xCanadian$2fast
=650  \7$aGenerals$2fast
=650  \7$aHISTORY$zUnited States$xState & Local$xMiddle Atlantic (DC, DE, MD, NJ, NY, PA)$2bisacsh
=650  \6$aGeneraux$zÉtats-Unis$vBiographies.
=650  \0$aGenerals$zUnited States$vBiography.
=655  \7$aBiographies.$2rvmgf
=655  \7$aBiographies.$2lcgft
=655  \7$aHistory$2fast
=655  \7$aBiographies$2fast
=655  \2$aBiography
=655  \7$aElectronic books. $2local
=710  2\$aNew York State American Revolution Bicentennial Commission.
=710  2\$aProject Muse.$edistributor
=830  \0$aBook collections on Project MUSE.
=856  40$zFull text available: $uhttps://muse.jhu.edu/book/61590/

