=LDR  03382cam a22004454a 4500
=001  musev2_61591
=003  MdBmJHUP
=005  20241011145800.0
=006  m\\\\\o\\d\\\\\\\\
=007  cr||||||||nn|n
=008  221107p20222022xx\\\\\\o\\\\\\00\0\eng\d
=020  \\$a9781684450046
=020  \\$z1684450047
=020  \\$z9780815627111
=020  \\$z0815627114
=035  \\$a(OCoLC)1055862137
=040  \\$aMdBmJHUP$cMdBmJHUP
=082  0\$a071/.471$qOCoLC$219/eng/20230216
=100  1\$aCrouthamel, James L.$eauthor.
=245  10$aBennett's New York Herald and the Rise of the Popular Press / $cJames L. Crouthamel.
=264  \1$a[s.l.] :$bSyracuse University Press,$c2022.
=264  \3$aBaltimore, Md. :$bProject MUSE, $c2018
=264  \4$c&copy;2022.
=300  \\$a1 online resource.
=336  \\$atext$btxt$2rdacontent
=337  \\$acomputer$bc$2rdamedia
=338  \\$aonline resource$bcr$2rdacarrier
=506  0\$aOpen Access$fUnrestricted online access$2star
=520  \\$aWith the founding of the New York Herald in 1835, James Gordon Bennett began what was to become the most successful and widely circulated newspaper of mid-nineteenth-century America. He did not invent the cheap popular newspaper, but his innovations-a combination of sensationalism, technological improvements, and comprehensive news coverage-made the Herald the prototype of modern journalism and the best newspaper of its time. Subsequent yellow journalists like Joseph Pulitzer and William Randolph Hearst merely carried Bennett's techniques to new heights-or depths. Bennett championed the masses and created a newspaper for them. Priced cheaply enough for most New Yorkers to afford, the Herald served up information that was useful, educational, and entertaining. Articles covered the whole range of human activity-sex, crime, tragedy, medicine, religion, culture. This book is not a biography of Bennett but rather an account of him as editor and publisher. His editorials were notorious for their rhetorical extremism, and his public identity was based on negatives-Anglophobia, anti-Catholicism, and anti-abolitionism in particular. He misled his unsophisticated readers with simplistic explanations of events and forces that affected their lives. He claimed to be politically independent, above party, but he was constantly enmeshed in the party battles of the period. His contemporaries envied his success but detested the means by which he achieved it; they respected his power but hated him personally. Former accounts of Bennett have been anecdotal and superficial. Crouthamel has based his research primarily on a day-by-day reading of over three decades of the Herald and thus provides useful facts and assessments of a major period in the history of journalism.
=588  0\$aDescription based on print version record.
=650  \7$aHistory$2fast
=650  \7$aHistory / United States / State & Local / Middle Atlantic (DC, DE, MD, NJ, NY, PA)$2bisacsh
=650  \7$ahistory (discipline)$2aat
=650  \6$aHistoire.
=650  \0$aHistory.
=655  \7$aElectronic books. $2local
=758  \\$iIs found in:$aUniversity of Hawai'i Press$1https://openresearchlibrary.org/module/5c97a4e8-0010-4060-b09d-d7eecac872fc
=710  2\$aProject Muse.$edistributor
=830  \0$aBook collections on Project MUSE.
=856  40$zFull text available: $uhttps://muse.jhu.edu/book/61591/

