=LDR  01702cam a22004934a 4500
=001  musev2_61592
=003  MdBmJHUP
=005  20241011145801.0
=006  m\\\\\o\\d\\\\\\\\
=007  cr||||||||nn|n
=008  911106s1992\\\\nyu\\\\\o\\\\\\00\0\eng\d
=010  \\$z   91042446 
=020  \\$a9781684450053
=020  \\$z1684450055
=020  \\$z9780815627197
=020  \\$z081562719X
=035  \\$a(OCoLC)1055849205
=040  \\$aMdBmJHUP$cMdBmJHUP
=043  \\$ae-ie---
=050  04$aHD3616.I742$bD35 1992
=082  0\$a338.09417$220
=100  1\$aDaly, Mary E.
=245  10$aIndustrial Development and Irish National Identity, 1922-1939 / $cMary E. Daly.
=250  \\$a1st ed.
=264  \1$aSyracuse, N.Y. :$bSyracuse University Press,$c1992.
=264  \3$aBaltimore, Md. :$bProject MUSE, $c2018
=264  \4$c&copy;1992.
=300  \\$a1 online resource.
=336  \\$atext$btxt$2rdacontent
=337  \\$acomputer$bc$2rdamedia
=338  \\$aonline resource$bcr$2rdacarrier
=490  0\$aIrish studies
=504  \\$aIncludes bibliographical references (p. 185-194) and index.
=506  0\$aOpen Access$fUnrestricted online access$2star
=588  \\$aDescription based on print version record.
=650  \0$aNationalism$zIreland$xHistory$y20th century.
=650  \0$aIndustries$zIreland$xHistory$y20th century.
=650  \0$aIndustrial policy$zIreland$xHistory$y20th century.
=651  \0$aIreland$xEconomic conditions$y1918-1949.
=655  \7$aElectronic books. $2local
=710  2\$aProject Muse.$edistributor
=830  \0$aIrish studies (Syracuse, N.Y.)
=830  \0$aBook collections on Project MUSE.
=856  40$zFull text available: $uhttps://muse.jhu.edu/book/61592/

