=LDR  02460cam a22005294a 4500
=001  musev2_61593
=003  MdBmJHUP
=005  20241011145802.0
=006  m\\\\\o\\d\\\\\\\\
=007  cr||||||||nn|n
=008  690801s1969\\\\nyu\\\\\o\\\\\\00\0\eng\d
=020  \\$a9781684450084
=020  \\$z168445008X
=020  \\$z9780815627364
=020  \\$z081562736X
=035  \\$a(OCoLC)1055851740
=040  \\$aMdBmJHUP$cMdBmJHUP
=100  1\$aPickett, Robert S.
=245  10$aHouse of Refuge : $bOrigins of Juvenile Reform in New York State, 1815-1857 / $cRobert S. Pickett.
=250  \\$a[1st ed.]
=264  \1$aSyracuse, N.Y.] :$bSyracuse University Press,$c[1969]
=264  \3$aBaltimore, Md. :$bProject MUSE, $c2018
=264  \4$c©[1969]
=300  \\$a1 online resource.
=336  \\$atext$btxt$2rdacontent
=337  \\$acomputer$bc$2rdamedia
=338  \\$aonline resource$bcr$2rdacarrier
=490  0\$aA New York State study
=505  0\$aManhattan, gateway to the New York world (1825-55) -- The society for the prevention of pauperism (1825-55) -- The quest for support (1824-26) -- Joseph Curtis, first superintendent of the New York house of refuge (1824-26) -- Institutions for the reformation of juvenile delinquents (1825-59) -- "Most prolific sources of juvenile crime" (1826-56) -- The road to Albany (1827-54) -- The New York house of refuge system (1827-54) -- Coming of age (1827-57).
=506  0\$aOpen Access$fUnrestricted online access$2star
=588  \\$aDescription based on print version record.
=610  27$aHouse of Refuge (New York, N.Y.)$2fast$0(OCoLC)fst00610977
=610  26$aNew York House of Refuge, Randall's Island.
=610  20$aHouse of Refuge (New York, N.Y.)
=650  \7$aJuvenile delinquency.$2fast$0(OCoLC)fst00985320
=650  \7$aHISTORY$zUnited States$xState & Local$xMiddle Atlantic (DC, DE, MD, NJ, NY, PA)$2bisacsh
=650  \6$aEnfants places en institution.
=650  \6$aDelinquance juvenile$zNew York (État)$zNew York.
=650  \2$aResidential Treatment
=650  \2$aJuvenile Delinquency$xrehabilitation
=650  \2$aChild, Institutionalized
=650  \0$aJuvenile delinquency$zNew York (State)$zNew York.
=651  \7$aNew York (State)$zNew York.$2fast$0(OCoLC)fst01204333
=655  \7$aElectronic books. $2local
=710  2\$aProject Muse.$edistributor
=830  \0$aBook collections on Project MUSE.
=856  40$zFull text available: $uhttps://muse.jhu.edu/book/61593/

