=LDR  01347cam a22003734a 4500
=001  musev2_61594
=003  MdBmJHUP
=005  20241011145802.0
=006  m\\\\\o\\d\\\\\\\\
=007  cr||||||||nn|n
=008  190726s1963\\\\nyu\\\\\o\\\\\\00\0\eng\d
=020  \\$a9781684450077
=020  \\$z1684450071
=020  \\$z9780815604402
=020  \\$z0815604408
=035  \\$a(OCoLC)1055871676
=040  \\$aMdBmJHUP$cMdBmJHUP
=100  1\$aJackson, Harry F$eVerfasserIn.$4aut
=245  10$aScholar in the Wilderness : $bFrancis Adrian Van der Kemp
=264  \1$a[Syracuse]$bSyracuse University Press$c1963
=264  \3$aBaltimore, Md. :$bProject MUSE, $c2018
=264  \4$c&copy;1963
=300  \\$a1 online resource: $billus., ports.
=336  \\$atext$btxt$2rdacontent
=337  \\$acomputer$bc$2rdamedia
=338  \\$aonline resource$bcr$2rdacarrier
=500  \\$aBibliographical references included in "Notes" (p. 327-345). - Description based on print version record.
=506  0\$aOpen Access$fUnrestricted online access$2star
=588  \\$aDescription based on print version record.
=650  \4$aVan der Kemp, Francis Adrian ; 1752-1829.
=655  \7$aElectronic books. $2local
=710  2\$aProject Muse.$edistributor
=830  \0$aBook collections on Project MUSE.
=856  40$zFull text available: $uhttps://muse.jhu.edu/book/61594/

