=LDR  04138cam a22004934a 4500
=001  musev2_56567
=003  MdBmJHUP
=005  20241011140030.0
=006  m\\\\\o\\d\\\\\\\\
=007  cr||||||||nn|n
=008  171107r20171973miu\\\\\o\\\\\\00\0\eng\d
=020  \\$a9780814343746
=020  \\$z9780814343739
=020  \\$z0814343740
=035  \\$a(OCoLC)1056021957
=040  \\$aMdBmJHUP$cMdBmJHUP
=100  1\$aFriedman, Saul S.,$d1937-2013,$eauthor.
=245  10$aNo Haven for the Oppressed : $bUnited States Policy Toward Jewish Refugees, 1938-1945 / $cby Saul S. Friedman.
=264  \1$aDetroit :$bWayne State University Press,$c2017.
=264  \3$aBaltimore, Md. :$bProject MUSE, $c2018
=264  \4$c©2017.
=300  \\$a1 online resource.
=336  \\$atext$btxt$2rdacontent
=337  \\$acomputer$bc$2rdamedia
=338  \\$aonline resource$bcr$2rdacarrier
=500  \\$aThe publication of this volume in a freely accessible digital format has been made possible by a major grant from the National Endowment for the Humanities and the Mellon Foundation through their Humanities Open Book Program.
=506  0\$aOpen Access$fUnrestricted online access$2star
=520  \\$aNo Haven for the Oppressed is the most thorough and the most comprehensive analysis to be written to date on the United States policy toward Jewish refugees during World War II. Friedman draws upon many sources for his history, significantly upon papers which have only recently been opened to public scrutiny. These include State Department Records at the National Archives and papers relating to the Jewish refugee question at the Roosevelt Library at Hyde Park. Such documents serve as the foundation for this study, together with the papers of the American Friends Service Committee, of Rabbis Stephen Wise and Abba Silver, Senator Robert Wagner, Secretary Hull and Assistant Secretary of State Breckinridge Long, of the American Jewish Archives, the National Jewish Archives, and extensive interviews with persons intimately involved in the refugee question. Professor Friedman describes America's pre-war preoccupation with economic woes: immigrants, particularly Jewish immigrants, were viewed as competitors for scarce jobs. President Franklin D. Roosevelt, although personally sympathetic to the dilemma of Jews, was not willing to risk public and congressional support for his domestic programs by championing legislation or diplomacy to increase Jewish immigration. The court-packing scandal and the unsuccessful purge of Southern Democrats had left his popularity at an all-time low. Jewish leaders were equally unwilling to antagonize the American public by strong advocacy of the Jewish cause. They feared anti-Semitic backlash against American Jews and worried that their own "100 percent" loyalty to the nation might be questioned. Although he takes issue with authors who propose that anti-Semitism at the highest levels of the State Department was the major block to the rescue of the Jews, Friedman demonstrates that some officials continually thwarted rescue plans. He suggests that a disinclination to sully themselves in negotiations with the Nazis and a fear that any ransom would prolong the global conflict, caused the Allies to offer only token overtures to the Nazis on behalf of the Jews.
=521  \\$aProfessional and scholarly.
=588  \\$aDescription based on print version record.
=650  \7$aJews$xPolitics and government.$2fast$0(OCoLC)fst00983330
=650  \7$aJewish refugees.$2fast$0(OCoLC)fst01730523
=650  \7$aEmigration and immigration.$2fast$0(OCoLC)fst00908690
=650  \6$aHolocauste, 1939-1945.
=650  \6$aRéfugiés juifs.
=650  \0$aJews$zUnited States$xPolitics and government.
=650  \0$aHolocaust, Jewish (1939-1945)
=650  \0$aJewish refugees.
=651  \7$aUnited States.$2fast$0(OCoLC)fst01204155
=651  \0$aUnited States$xEmigration and immigration.
=655  \7$aElectronic books. $2local
=710  2\$aProject Muse.$edistributor
=830  \0$aBook collections on Project MUSE.
=856  40$zFull text available: $uhttps://muse.jhu.edu/book/56567/

