=LDR  04850cam a22005294a 4500
=001  musev2_56572
=003  MdBmJHUP
=005  20241011140031.0
=006  m\\\\\o\\d\\\\\\\\
=007  cr||||||||nn|n
=008  171107r20172007miu\\\\\o\\\\\\00\0\eng\d
=020  \\$a9780814343234
=020  \\$z0814343236
=020  \\$z9780814343227
=035  \\$a(OCoLC)1056055377
=040  \\$aMdBmJHUP$cMdBmJHUP
=100  1\$aLevering, Marijean,$eauthor.
=245  10$aDetroit on Stage : $bThe Players Club, 1910-2005 / $cMarijean Levering.
=264  \1$aDetroit :$bWayne State University Press,$c2017.
=264  \3$aBaltimore, Md. :$bProject MUSE, $c2018
=264  \4$c©2017.
=300  \\$a1 online resource: $billustrations
=336  \\$atext$btxt$2rdacontent
=337  \\$acomputer$bc$2rdamedia
=338  \\$aonline resource$bcr$2rdacarrier
=490  0\$aGreat Lakes books
=500  \\$a29 black and white photographs.
=500  \\$aThe publication of this volume in a freely accessible digital format has been made possible by a major grant from the National Endowment for the Humanities and the Mellon Foundation through their Humanities Open Book Program.
=505  0\$aCover; Title Page; Copyright; Dedication; Contents; List of Illustrations; Preface; Acknowledgments; Introduction; 1. Ancestry: Club and Theatre Movements That Produced The Players; 2. The Strolling Players: The Early Years, 1910-1929; 3. The Players during the Depression and World War II; 4. The Long Run: Postwar Prosperity; 5. The Long Run Ends: Changing America and Changing Players; 6. The Players Today; Conclusion; Appendix A: Players Timeline; Appendix B: Membership List; Appendix C: Famous Players; Notes; Index
=506  0\$aOpen Access$fUnrestricted online access$2star
=520  \\$aFounded in 1910, Detroit's Players Club is an all-male club devoted to the production of theater by members for other members' enjoyment. Called simply "The Players," members of the club design, direct, and act in the shows, including playing the female roles. In Detroit on Stage, Marijean Levering takes readers behind the scenes of the club's private "frolics" to explore the unique history of The Players, discover what traditions they still hold dear, and examine why they have survived relatively unscathed through changes that have shuttered older and more venerable institutions. The Players developed during a nationwide vogue for community and art theater and also as Detroit's auto elites were in the midst of forming new private clubs to add to their own sense of prestige. By the 1920s, The Players had built their own playhouse and established most of their significant traditions, including the monthly frolics, at which the members perform for each other. At the frolics, members in the audience would wear tuxedos and drink beer out of personalized mugs, customs that remain to this day. Prominent Detroiters have always been among the ranks of the Players, and several well-known auto industry figures were members from the beginning, including banker Henry B. Joy, Oldsmobile sales manager Roy D. Chapin, and Ford executives James Couzens and Edsel Ford. Over the decades that followed the club's founding, its membership and traditions have remained strong despite major world events that shook Detroit such as Prohibition, the Great Depression, and World War II. In looking at The Players of today, Levering explores the camaraderie and sense of history that has kept the club together and relatively unchanged throughout the years. She also examines the club's notable members and its unique place in Detroit history. Detroit on Stage places The Players club in the broader contexts of social clubs, explaining how these organizations originate and function. Readers interested in Detroit cultural history and theater studies will enjoy this rare glimpse inside a long-standing Detroit cultural institution
=588  \\$aDescription based on print version record.
=610  27$aPlayers (Detroit, Mich.)$2fast$0(OCoLC)fst01667392
=610  20$aPlayers (Detroit, Mich.)$xHistory$y20th century.
=650  \7$aTheater.$2fast$0(OCoLC)fst01149217
=650  \7$aSOCIAL SCIENCE$xRegional Studies.$2bisacsh
=650  \7$aPERFORMING ARTS$xTheater$xGeneral.$2bisacsh
=650  \7$aPERFORMING ARTS$xTheater$xHistory & Criticism.$2bisacsh
=650  \6$aTheâtre$zMichigan$zDetroit$xHistoire$y20e siecle.
=650  \0$aTheater$zMichigan$zDetroit$xHistory$y20th century.
=651  \7$aMichigan$zDetroit.$2fast$0(OCoLC)fst01205010
=655  \7$aHistory.$2fast$0(OCoLC)fst01411628
=655  \7$aElectronic books. $2local
=740  0\$aWayne State University Libraries Digital Collections.
=710  2\$aProject Muse.$edistributor
=830  \0$aBook collections on Project MUSE.
=856  40$zFull text available: $uhttps://muse.jhu.edu/book/56572/

