=LDR  02090cam a22005174a 4500
=001  musev2_61449
=003  MdBmJHUP
=005  20241011145630.0
=006  m\\\\\o\\d\\\\\\\\
=007  cr||||||||nn|n
=008  971209s1998\\\\miu\\\\\o\\\\\\00\0\eng\d
=020  \\$a9780814345184
=020  \\$z9780814345191
=020  \\$z0814345182
=035  \\$a(OCoLC)1036698764
=040  \\$aMdBmJHUP$cMdBmJHUP
=100  1\$aBrenner, David A.,$d1964-
=245  10$aMarketing Identities : $bThe Invention of Jewish Ethnicity in Ost und West / $cDavid A. Brenner.
=264  \1$aDetroit :$bWayne State University Press,$c1998.
=264  \3$aBaltimore, Md. :$bProject MUSE, $c2018
=264  \4$c&copy;1998.
=300  \\$a1 online resource: $billustrations
=336  \\$atext$btxt$2rdacontent
=337  \\$acomputer$bc$2rdamedia
=338  \\$aonline resource$bcr$2rdacarrier
=506  0\$aOpen Access$fUnrestricted online access$2star
=588  \\$aDescription based on print version record.
=630  00$aOst und West (Berlin, Germany : 1901)
=650  \6$aJuifs$zAllemagne$xVie intellectuelle.
=650  \6$aJuifs est-europeens$zAllemagne$xVie intellectuelle.
=650  \6$aJuifs est-europeens$zAllemagne$xOpinion publique.
=650  \6$aJuifs est-europeens$zAllemagne$xAttitudes.
=650  \7$aJews$xIntellectual life.$2fast$0(OCoLC)fst00983287
=650  \7$aJews, East European$xPublic opinion.$2fast$0(OCoLC)fst00983438
=650  \7$aJews, East European$xIntellectual life.$2fast$0(OCoLC)fst00983437
=650  \7$aEthnic relations.$2fast$0(OCoLC)fst00916005
=650  \0$aJews, East European$zGermany$xAttitudes.
=650  \0$aJews, East European$zGermany$xPublic opinion.
=650  \0$aJews, East European$zGermany$xIntellectual life.
=650  \0$aJews$zGermany$xIntellectual life.
=651  \7$aGermany.$2fast$0(OCoLC)fst01210272
=651  \0$aGermany$xEthnic relations.
=655  \7$aElectronic books. $2local
=710  2\$aProject Muse.$edistributor
=830  \0$aBook collections on Project MUSE.
=856  40$zFull text available: $uhttps://muse.jhu.edu/book/61449/

