=LDR  03581cam a22005774a 4500
=001  musev2_61460
=003  MdBmJHUP
=005  20241011145633.0
=006  m\\\\\o\\d\\\\\\\\
=007  cr||||||||nn|n
=008  171207r20181993miu\\\\\o\\\\\\00\0\eng\d
=020  \\$a9780814344095
=020  \\$z9780814344101
=020  \\$z0814344097
=035  \\$a(OCoLC)1056049905
=040  \\$aMdBmJHUP$cMdBmJHUP
=100  1\$aWagaw, Teshome G.,$d1930-$eauthor.
=245  10$aFor Our Soul : $bEthiopian Jews in Israel / $cTeshome G. Wagaw.
=264  \1$aDetroit :$bWayne State University Press,$c2018.
=264  \3$aBaltimore, Md. :$bProject MUSE, $c2018
=264  \4$c©2018.
=300  \\$a1 online resource: $billustrations, maps
=336  \\$atext$btxt$2rdacontent
=337  \\$acomputer$bc$2rdamedia
=338  \\$aonline resource$bcr$2rdacarrier
=490  0\$aRaphael Patai Series in Jewish Folklore and Anthropology
=500  \\$a19 black and white photographs.
=500  \\$aThe publication of this volume in a freely accessible digital format has been made possible by a major grant from the National Endowment for the Humanities and the Mellon Foundation through their Humanities Open Book Program.
=505  0\$aCover; Title Page; Copyright; Dedication; Contents; Preface; 1. Introduction and Historical Background; 2. Israel as an Absorbing State; 3. The Journey and Settlement; 4. The Beleaguered Family in Transition; 5. Setting Up Home; 6. Crisis in Communal Integrity and Identity; 7. Primary Education; 8. Postprimary Education and Training; 9. Adult and Continuing Education; 10. Community, Race, Modernity, and Work; 11. Epilogue; Notes; Glossary; Bibliography; Index
=506  0\$aOpen Access$fUnrestricted online access$2star
=520  \\$aBetween 1977 and 1992, practically all Ethiopian Jews migrated to Israel. This mass move followed the 1974 revolution in Ethiopia and its ensuing economic and political upheavals, compounded by the brutality of the military regime and the willingness⁰́₄after years of refusal⁰́₄of the Israeli government to receive them as bona fide Jews entitled to immigrate to that country. As the sole Jewish community from sub-Sahara Africa in Israel, the Ethiopian Jews have met with unique difficulties. Based on fieldwork conducted over several years, For Our Soul describes the ongoing process of adjustment and absorption that the Ethiopian Jewish immigrants, also known as Falasha or Beta Israel, experienced in Israel.
=588  \\$aDescription based on print version record.
=650  \7$aJews, Ethiopian.$2fast$0(OCoLC)fst00983445
=650  \7$aEthnic relations.$2fast$0(OCoLC)fst00916005
=650  \7$aEmigration and immigration.$2fast$0(OCoLC)fst00908690
=650  \7$aSOCIAL SCIENCE$xEmigration & Immigration.$2bisacsh
=650  \7$aHISTORY$zMiddle East$xIsrael & Palestine.$2bisacsh
=650  \7$aSOC049000.$2bisacsh
=650  \6$aFalacha$zIsraël$xHistoire.
=650  \0$aJews, Ethiopian$zIsrael$xHistory.
=651  \7$aIsrael.$2fast$0(OCoLC)fst01204236
=651  \7$aEthiopia.$2fast$0(OCoLC)fst01205830
=651  \0$aIsrael$xEthnic relations.
=651  \0$aIsrael$xEmigration and immigration$xHistory.
=651  \0$aEthiopia$xEmigration and immigration$xHistory.
=655  \7$aHistory.$2fast$0(OCoLC)fst01411628
=655  \7$aElectronic books. $2local
=740  0\$aWayne State University Libraries Digital Collections.
=710  2\$aProject Muse.$edistributor
=830  \0$aBook collections on Project MUSE.
=856  40$zFull text available: $uhttps://muse.jhu.edu/book/61460/

