=LDR  04522cam a22006014a 4500
=001  musev2_61461
=003  MdBmJHUP
=005  20241011145633.0
=006  m\\\\\o\\d\\\\\\\\
=007  cr||||||||nn|n
=008  171207r20181990miu\\\\\o\\\\\\00\0\eng\d
=020  \\$a9780814344033
=020  \\$z9780814344040
=020  \\$z0814344038
=035  \\$a(OCoLC)1056021609
=040  \\$aMdBmJHUP$cMdBmJHUP
=100  1\$aBerman, Aaron,$d1952-$eauthor.
=245  10$aNazism, The Jews and American Zionism, 1933-1948 / $cAaron Berman.
=264  \1$aDetroit :$bWayne State University Press,$c[2018]
=264  \3$aBaltimore, Md. :$bProject MUSE, $c2018
=264  \4$c©[2018]
=300  \\$a1 online resource.
=336  \\$atext$btxt$2rdacontent
=337  \\$acomputer$bc$2rdamedia
=338  \\$aonline resource$bcr$2rdacarrier
=500  \\$aThe publication of this volume in a freely accessible digital format has been made possible by a major grant from the National Endowment for the Humanities and the Mellon Foundation through their Humanities Open Book Program.
=505  0\$aAmerican Zionism and the external threat, 1933-1936 -- A reordering of priorities : the homeland under siege -- War and statehood -- American Zionism and the Holocaust -- The American Zionist lobby, 1943-1945 : a summary and a case study -- The triumph of American Zionism -- Conclusions.
=506  0\$aOpen Access$fUnrestricted online access$2star
=520  \\$aAaron Berman takes a moderate and measured approach to one of the most emotional issues in American Jewish historiography, namely, the response of American Jews to Nazism and the extermination of European Jewry. In remarkably large numbers, American Jews joined the Zionist crusade to create a Jewish state that would finally end the problem of Jewish homelessness, which they believed was the basic cause not only of the Holocaust but of all anti-Semitism. Though American Zionists could justly claim credit for the successful establishment of Israel in 1948, this triumph was not without cost. Their insistence on including a demand for Jewish statehood in any proposal to aid European Jewry politicized the rescue issue and made it impossible to appeal for American aid on purely humanitarian grounds. The American Zionist response to Nazism also shaped he political turmoil in the Middle East which followed Israel's creation. Concerned primarily with providing a home for Jewish refugees and fearing British betrayal, Zionists could not understand Arab protests in defense of their own national interests. Instead they responded to the Arab revolt with armed force and sought to insure their own claim to Palestine, Zionists came to link he Arabs with the Nazi and British forces that were opposed to the establishment of a Jewish state. In the thinking of American Zionists, the Arabs were steadily transformed from a people with whom an accommodation would have to be made into a mortal enemy to be defeated. Aaron Berman does not apologize for American Jews, but rather tries to understand the constraints within which they operated and what opportunities-if any-they had to respond to Hitler. In surveying the latest scholarship and responding o charges against American Jewry, Berman⁰́₉s arguments are reasoned and reasonable.
=588  \\$aDescription based on print version record.
=650  \7$aZionism$2fast$0(OCoLC)fst01184468
=650  \7$aPublic opinion$2fast$0(OCoLC)fst01082785
=650  \7$aJews$xPolitics and government$2fast$0(OCoLC)fst00983330
=650  \7$aJews$xAttitudes$2fast$0(OCoLC)fst00983142
=650  \7$aEthnic relations$2fast$0(OCoLC)fst00916005
=650  \7$aPOLITICAL SCIENCE$xWorld$xEuropean.$2bisacsh
=650  \7$aHISTORY$xHolocaust.$2bisacsh
=650  \7$aSOC049000.$2bisacsh
=650  \6$aJuifs$xAttitudes.
=650  \6$aOpinion publique$zÉtats-Unis.
=650  \6$aHolocauste, 1939-1945$xOpinion publique.
=650  \0$aJews$xAttitudes.
=650  \0$aPublic opinion$zUnited States.
=650  \0$aHolocaust, Jewish (1939-1945)$xPublic opinion.
=650  \0$aZionism$zUnited States.
=650  \0$aJews$zUnited States$xPolitics and government.
=651  \7$aUnited States$2fast$0(OCoLC)fst01204155
=651  \6$aÉtats-Unis$xRelations interethniques.
=651  \0$aUnited States$xEthnic relations.
=655  \7$aElectronic books. $2local
=710  2\$aProject Muse.$edistributor
=830  \0$aBook collections on Project MUSE.
=856  40$zFull text available: $uhttps://muse.jhu.edu/book/61461/

