=LDR  03136cam a22004694a 4500
=001  musev2_61466
=003  MdBmJHUP
=005  20241011145636.0
=006  m\\\\\o\\d\\\\\\\\
=007  cr||||||||nn|n
=008  181006s2018\\\\xx\\\\\\o\\\\\\00\0\eng\d
=020  \\$a9780814344514
=020  \\$z0814344518
=020  \\$z9780814344507
=035  \\$a(OCoLC)1056053817
=040  \\$aMdBmJHUP$cMdBmJHUP
=100  1\$aSoyer, Daniel.
=245  10$aJewish Immigrant Associations and American Identity in New York, 1880-1939 : $bJewish Landsmanshaftn in American Culture
=264  \1$aOnixTransformation. OnixModel. CityOfPublication :$bWayne State University Press,$c2018.
=264  \3$aBaltimore, Md. :$bProject MUSE, $c2018
=264  \4$c©2018.
=300  \\$a1 online resource.
=336  \\$atext$btxt$2rdacontent
=337  \\$acomputer$bc$2rdamedia
=338  \\$aonline resource$bcr$2rdacarrier
=490  0\$aAmerican Jewish Civilization Series
=505  0\$aCover; Title Page; Copyright; Contents; Note on Orthography and Transliteration; Introduction; 1. The Old World; 2. The New World; 3. Landsmanshaft Culture and Immigrant Identities; 4. Brothers in Need; 5. The Building Blocks of Community; 6. Institutional Dilemmas; 7. The Heroic Period; 8. Looking Backward; Notes; Acknowledgments; Index.
=506  0\$aOpen Access$fUnrestricted online access$2star
=520  \\$aLandsmanshaftn, associations of immigrants from the same hometown, became the most popular form of organization among Eastern European Jewish immigrants to the United States in the late 19th and early 20th centuries. Jewish Immigrant Associations and American Identity in New York, 1880⁰́₃1939, by Daniel Soyer, holds an in-depth discussion on the importance of these hometown societies that provided members with valuable material benefits and served as arenas for formal and informal social interaction. In addition to discussing both continuity and transformation as features of the immigrant experience, this approach recognizes that ethnic identity is a socially constructed and malleable phenomenon. Soyer explores this process of construction by raising more specific questions about what immigrants themselves have meant by Americanization and how their hometown associations played an important part in the process.
=588  \\$aDescription based on print version record.
=650  \7$aImmigrants.$2fast$0(OCoLC)fst00967712
=650  \6$aJuifs est-europeens$zNew York (État)$zNew York$xAssociations$xHistoire.
=650  \0$aImmigrants$zNew York (State)$zNew York.
=650  \0$aJews$zNew York (State)$zNew York$xSocieties, etc.$xHistory.
=650  \0$aImmigrants$zNew York (State)$zNew York$xSocieties, etc.$xHistory.
=650  \0$aJews, East European$zNew York (State)$zNew York$xSocieties, etc.$xHistory.
=651  \7$aNew York (State)$zNew York.$2fast$0(OCoLC)fst01204333
=651  \0$aNew York (N.Y.)$xEthnic relations.
=655  \7$aElectronic books. $2local
=710  2\$aProject Muse.$edistributor
=830  \0$aBook collections on Project MUSE.
=856  40$zFull text available: $uhttps://muse.jhu.edu/book/61466/

