=LDR  02869cam a22004694a 4500
=001  musev2_61492
=003  MdBmJHUP
=005  20241011145652.0
=006  m\\\\\o\\d\\\\\\\\
=007  cr||||||||nn|n
=008  181005s2018\\\\miu\\\\\o\\\\\\00\0\eng\d
=020  \\$a9780814344569
=020  \\$z9780814344576
=020  \\$z0814344569
=035  \\$a(OCoLC)1014124916
=040  \\$aMdBmJHUP$cMdBmJHUP
=043  \\$as-ag---
=050  \4$aF3001.9.J5$bM58 2018
=082  0\$a982/.11$223
=100  1\$aMirelman, Víctor A.,$eauthor.
=245  10$aJewish Buenos Aires, 1890-1939 : $bIn Search of an Identity / $cVictor A. Mirelman.
=264  \1$aBaltimore, Maryland :$bProject Muse,$c2018
=264  \3$aBaltimore, Md. :$bProject MUSE, $c2018
=264  \4$c©2018
=300  \\$a1 online resource: $billustrations
=336  \\$atext$btxt$2rdacontent
=337  \\$acomputer$bc$2rdamedia
=338  \\$aonline resource$bcr$2rdacarrier
=500  \\$aOriginally published: Detroit : Wayne State University Press, [1990].
=500  \\$aIssued as part of book collections on Project MUSE.
=504  \\$aIncludes bibliographical references and index.
=506  0\$aOpen Access$fUnrestricted online access$2star
=520  \\$aVictor Mirelman, in his study of the greatest concentration of Latin American Jewry, examines the changing facade of the Argentinean Jewish community from the beginning of mass Jewish immigration in 1890 to its decline in 1930. During this period, Jews arrived from Russia, Poland, Romania, Syria, Turkey and Morocco Each group founded its own synagogues. mutual help organizations. hospitals. cultural associations. and newspapers of particular vitality was the Yiddish press and the Yiddish theatre. Jewish immigrants were also especially active politically. particularly in the Socialist Party and in the workers' unions. Based on research in the Argentine archives. Jewish Buenos Aires, 1890-1930 describes the immigration and settlement process. studies the first generation of Argentine-born Jews. and provides an understanding of assimilation and acculturation. Mirelman discusses the religious life of the community differentiating between the Ashkenazim and the various Sephardic groups and devotes chapters to Zionism, to Jewish culture in Yiddish. Hebrew. and Spanish. to education; and to social action Issues that created conflict and friction are analyzed in detail.
=588  \\$aDescription based on print version record.
=650  \0$aJews$zArgentina$zBuenos Aires$xHistory.
=651  \0$aBuenos Aires (Argentina)$xEthnic relations.
=655  \7$aElectronic books. $2local
=710  2\$aProject Muse,$edistributor.
=776  18$iPrint version:$z9780814344576
=710  2\$aProject Muse.$edistributor
=830  \0$aBook collections on Project MUSE.
=856  40$zFull text available: $uhttps://muse.jhu.edu/book/61492/

