=LDR  01947cam a22003854a 4500
=001  musev2_61499
=003  MdBmJHUP
=005  20241011145658.0
=006  m\\\\\o\\d\\\\\\\\
=007  cr||||||||nn|n
=008  181006s2018\\\\xx\\\\\\o\\\\\\00\0\eng\d
=020  \\$a9780814345030
=020  \\$z9780814345047
=020  \\$z0814345034
=035  \\$a(OCoLC)1056689244
=040  \\$aMdBmJHUP$cMdBmJHUP
=100  1\$aMelnick, Ralph.
=245  10$aLife and Work of Ludwig Lewisohn, Volume II : $b"This Dark and Desperate Age"
=264  \1$aOnixTransformation. OnixModel. CityOfPublication :$bWayne State University Press,$c2018.
=264  \3$aBaltimore, Md. :$bProject MUSE, $c2018
=264  \4$c&copy;2018.
=300  \\$a1 online resource.
=336  \\$atext$btxt$2rdacontent
=337  \\$acomputer$bc$2rdamedia
=338  \\$aonline resource$bcr$2rdacarrier
=505  0\$aCover; Title Page; Copyright; Dedication; Contents; Preface; Acknowledgments; Part 3: Thelma; 28. Return to America; 29. A Jewish Voice; 30. For Zion's Sake; 31. Into the Wilderness; Part 4: Edna; 32. Circus of Fantasies; 33. Deeper and Higher; 34. Vita Nuova; 35. In Heaven's Name; 36. Damning Assertions; 37. Painfully Awake; 38. Desert Journey; 39. Violent Insecurities; Part 5: Louise; 40. Holocaust Revealed; 41. Refuge at Brandeis; 42. Implications of Faith; 43. Modern Enslavements; 44. Struggle for Jewish Renewal; 45. A Dangerous Kind of Ignorance; 46. The Hour Is Late.
=505  0\$a47. On Some TomorrowNotes; Bibliography; Index.
=506  0\$aOpen Access$fUnrestricted online access$2star
=588  \\$aDescription based on print version record.
=600  17$aLewisohn, Ludwig,$d1882-1955.$2fast$0(OCoLC)fst00016976
=600  10$aLewisohn, Ludwig,$d1882-1955.
=655  \7$aElectronic books. $2local
=710  2\$aProject Muse.$edistributor
=830  \0$aBook collections on Project MUSE.
=856  40$zFull text available: $uhttps://muse.jhu.edu/book/61499/

