=LDR  04614cam a22006974a 4500
=001  musev2_57596
=003  MdBmJHUP
=005  20241011141237.0
=006  m\\\\\o\\d\\\\\\\\
=007  cr||||||||nn|n
=008  140519t20142014nyu\\\\\o\\\\\\00\0\eng\d
=010  \\$z  2020719027
=020  \\$a9780801454516
=020  \\$z9780801453311
=020  \\$z9780801454509
=020  \\$z9780801479670
=035  \\$a(OCoLC)1056846324
=040  \\$aMdBmJHUP$cMdBmJHUP
=100  1\$aChang, Wen-Chin,$d1964-$eauthor.
=245  10$aBeyond Borders : $bStories of Yunnanese Chinese Migrants of Burma / $cWen-Chin Chang.
=264  \1$aLondon :$bCornell University Press,$c2014.
=264  \3$aBaltimore, Md. :$bProject MUSE, $c2018
=264  \4$c&copy;2014.
=300  \\$a1 online resource (296 pages): $billustrations, maps
=336  \\$atext$btxt$2rdacontent
=337  \\$acomputer$bc$2rdamedia
=338  \\$aonline resource$bcr$2rdacarrier
=505  0\$aMigration history -- The days in Burma: Zhang Dage -- Entangled love: Ae Maew -- Pursuit of ambition: father and son -- Islamic transnationalism: Yunnanese Muslims -- (Transnational) trade -- Venturing into barbarous regions: Yunnanese caravan traders -- Transcending gendered geographies: Yunnanese women traders -- Circulations of the jade trade: the Duans and the Pengs -- Epilogue: from mules to vehicles.
=506  0\$aOpen Access$fUnrestricted online access$2star
=520  \\$aThe Yunnanese from southwestern China have for millennia traded throughout upland Southeast Asia. Burma in particular has served as a "back door" to Yunnan, providing a sanctuary for political refugees and economic opportunities for trade explorers. Since the Chinese Communist takeover in 1949 and subsequent political upheavals in China, an unprecedented number of Yunnanese refugees have fled to Burma. Through a personal narrative approach, Beyond Borders is the first ethnography to focus on the migration history and transnational trading experiences of contemporary Yunnanese Chinese migrants (composed of both Yunnanese Han and Muslims) who reside in Burma and those who have moved from Burma and resettled in Thailand, Taiwan, and China. Since the 1960s, Yunnanese Chinese migrants of Burma have dominated the transnational trade in opium, jade, and daily consumption goods. Wen-Chin Chang writes with deep knowledge of this trade's organization from the 1960s of mule-driven caravans to the use of modern transportation, and she reconstructs trading routes while examining embedded sociocultural meanings. These Yunnanese migrants' mobility attests to the prevalence of travel not only by the privileged but also by different kinds of people. Their narratives disclose individual life processes as well as networks of connections, modes of transportation, and differences between the experiences of men and women. Through traveling they have carried on the mobile livelihoods of their predecessors, expanding overland trade beyond its historical borderlands between Yunnan and upland Southeast Asia to journeys further afield by land, sea, and air
=546  \\$aIn English.
=588  \\$aDescription based on print version record.
=650  \7$aMuslims$2fast
=650  \7$aEmigration and immigration$2fast
=650  \7$aChinese$xMigrations$2fast
=650  \7$aChinese$2fast
=650  \7$aSOCIAL SCIENCE$xAnthropology$xCultural.$2bisacsh
=650  \7$aSOCIAL SCIENCE$xMinority Studies.$2bisacsh
=650  \7$aSOCIAL SCIENCE$xDiscrimination & Race Relations.$2bisacsh
=650  \7$aSociety and social sciences Society and social sciences.$2bicssc
=650  \7$aSociety and culture : general.$2bicssc
=650  \7$aSocial issues and processes.$2bicssc
=650  \7$aMigration, immigration and emigration.$2bicssc
=650  \6$aMusulmans$zBirmanie.
=650  \6$aChinois$zBirmanie.
=650  \0$aMuslims$zBurma.
=650  \0$aChinese$zBurma.
=650  \0$aChinese$xMigrations.
=651  \7$aThailand$2fast
=651  \7$aChina$2fast
=651  \7$aBurma$2fast
=651  \0$aThailand$xEmigration and immigration.
=651  \0$aChina$xEmigration and immigration.
=651  \0$aBurma$xEmigration and immigration.
=655  \7$aElectronic books. $2local
=773  0\$tOAPEN (Open Access Publishing in European Networks)$dOAPEN
=773  0\$tBooks at JSTOR: Open Access$dJSTOR
=773  0\$tProject MUSE - Cornell University Press Open Access Books Collection$dProject MUSE
=710  2\$aProject Muse.$edistributor
=830  \0$aBook collections on Project MUSE.
=856  40$zFull text available: $uhttps://muse.jhu.edu/book/57596/

