=LDR  03025cam a22005654a 4500
=001  musev2_57642
=003  MdBmJHUP
=005  20241011141308.0
=006  m\\\\\o\\d\\\\\\\\
=007  cr||||||||nn|n
=008  140617s2015\\\\nyu\\\\\o\\\\\\00\0\eng\d
=010  \\$z  2019725173
=020  \\$a9780801454615
=020  \\$z9780801453113
=020  \\$z9780801454608
=035  \\$a(OCoLC)1056846023
=040  \\$aMdBmJHUP$cMdBmJHUP
=100  1\$aGallagher, Kevin,$d1968-$eauthor.
=245  10$aRuling Capital : $bEmerging Markets and the Reregulation of Cross-Border Finance / $cKevin P. Gallagher.
=264  \1$aIthaca, New York :$bCornell University Press,$c2015.
=264  \3$aBaltimore, Md. :$bProject MUSE, $c2018
=264  \4$c©2015.
=300  \\$a1 online resource (248 pages).
=336  \\$atext$btxt$2rdacontent
=337  \\$acomputer$bc$2rdamedia
=338  \\$aonline resource$bcr$2rdacarrier
=490  0\$aCornell studies in money
=505  0\$aCountervailing monetary power -- Defending cooperative decentralization -- From managing the trilemma to stability supported growth -- Let's not get carried away -- The politics of re-regulating cross-border finance -- Ruling capital: the IMF's new view of the capital account -- Good talk, little action: the limits of the G-20 -- Trading away financial stability -- The future of countervailing monetary power.
=506  0\$aOpen Access$fUnrestricted online access$2star
=520  8\$aThis book demonstrates how several emerging market and developing countries (EMDs) managed to reregulate cross-border financial flows in the wake of the global financial crisis, despite the political and economic difficulty of doing so at the national level. It also shows that some EMDs, particularly the BRICS coalition, were able to maintain or expand their sovereignty to regulate cross-border finance under global economic governance institutions.
=546  \\$aEnglish.
=588  \\$aDescription based on print version record.
=650  \7$aFinansiella institut$xjuridik och lagstiftning.$2sao
=650  \7$aRegulierung$2gnd
=650  \7$aInternationaler Kreditmarkt$2gnd
=650  \7$aInternational finance$xPolitical aspects$2fast$0(OCoLC)fst00976961
=650  \7$aFinancial institutions, International$xLaw and legislation$2fast$0(OCoLC)fst00924706
=650  \7$aBUSINESS & ECONOMICS$xFinance$xGeneral.$2bisacsh
=650  \7$aPOLITICAL SCIENCE$xPolitical Economy.$2bisacsh
=650  \7$aBUSINESS & ECONOMICS$xFinance.$2bisacsh
=650  \7$aPolitical economy.$2bicssc
=650  \7$aEconomics, finance, business and management.$2bicssc
=650  \7$aEconomics.$2bicssc
=650  \0$aFinancial institutions, International$xLaw and legislation.
=650  \0$aInternational finance$xPolitical aspects.
=651  \7$aSchwellenländer$2gnd
=655  \7$aElectronic books. $2local
=710  2\$aProject Muse.$edistributor
=830  \0$aBook collections on Project MUSE.
=856  40$zFull text available: $uhttps://muse.jhu.edu/book/57642/

