=LDR  04326cam a22006134a 4500
=001  musev2_61456
=003  MdBmJHUP
=005  20241011145632.0
=006  m\\\\\o\\d\\\\\\\\
=007  cr||||||||nn|n
=008  171207r20182001miu\\\\\o\\\\\\00\0\eng\d
=020  \\$a9780814343920
=020  \\$z0814343929
=020  \\$z9780814343913
=035  \\$a(OCoLC)1057369230
=040  \\$aMdBmJHUP$cMdBmJHUP
=100  1\$aBar-Yitsḥaḳ, Ḥayah,$eauthor.
=245  10$aJewish Poland-Legends of Origin : $bEthnopoetics and Legendary Chronicles / $cHaya Bar-Itzhak.
=264  \1$aDetroit :$bWayne State University Press,$c2018.
=264  \3$aBaltimore, Md. :$bProject MUSE, $c2018
=264  \4$c©2018.
=300  \\$a1 online resource: $billustrations
=336  \\$atext$btxt$2rdacontent
=337  \\$acomputer$bc$2rdamedia
=338  \\$aonline resource$bcr$2rdacarrier
=490  0\$aRaphael Patai Series in Jewish Folklore and Anthropology
=500  \\$a26 black-and-white images.
=500  \\$aThe publication of this volume in a freely accessible digital format has been made possible by a major grant from the National Endowment for the Humanities and the Mellon Foundation through their Humanities Open Book Program.
=505  0\$aCover; Title Page; Copyright; Contents; List of Illustration; Preface; 1. The Geography of the Jewish Imagination: Po-Lin among Trees with Leaves from the Gemara; 2. Legends of Acceptance: Segregation versus Involvement; 3. The Legend of Abraham the Jew, King of Poland; 4. The Legend of Esther the Jewess and King Casimir the Great of Poland; 5. ""My Eyes Shed Tears, Because the Enemy Has Overcome"": The Transformation of Legends of Origin into Legends of Destruction; Afterword; Notes; Bibliography; Index of Names; Index of Places
=506  0\$aOpen Access$fUnrestricted online access$2star
=520  \\$aThe first appearance of Jews in Poland and their adventures during their early years of settlement in the country are concealed in undocumented shadows of history. What survived are legends of origin that early chroniclers, historians, writers, and folklore scholars transcribed, thus contributing to their preservation. According to the legendary chronicles Jews resided in Poland for a millennium and developed a vibrant community. Haya Bar-Itzhak examines the legends of origin of the Jews of Poland and discloses how the community creates its own chronicle, how it structures and consolidates its identity through stories about its founding, and how this identity varies from age to age. Bar-Itzhak also examines what happened to these legends after the extermination of Polish Jewry during the Holocaust, when the human space they describe no longer exists except in memory. For the Polish Jews after the Holocaust, the legends of origin undergo a fascinating transformation into legends of destruction. Jewish Poland⁰́₄Legends of Origin brings to light the more obscure legends of origin as well as those already well known. This book will be of interest to scholars in folklore studies as well as to scholars of Judaic history and culture.
=588  \\$aDescription based on print version record.
=650  \7$aJews$xOrigin.$2fast$0(OCoLC)fst00983318
=650  \7$aJews.$2fast$0(OCoLC)fst00983135
=650  \7$aJewish legends.$2fast$0(OCoLC)fst01734579
=650  \7$aLITERARY CRITICISM$xFairy Tales, Folk Tales, Legends & Mythology.$2bisacsh
=650  \7$aHISTORY$xJewish.$2bisacsh
=650  \7$aSOC049000.$2bisacsh
=650  \6$aJuifs$zPologne$xOrigines$vFolklore.
=650  \6$aLegendes juives$zPologne.
=650  \6$aJuifs$zPologne$vFolklore.
=650  \6$aLegendes juives$zPologne$xHistoire et critique.
=650  \0$aJews$zPoland$xOrigin$vFolklore.
=650  \0$aJewish legends$zPoland.
=650  \0$aJews$zPoland$vFolklore.
=650  \0$aJewish legends$zPoland$xHistory and criticism.
=651  \7$aPoland.$2fast$0(OCoLC)fst01206891
=655  \7$aFolklore.$2fast$0(OCoLC)fst01423784
=655  \7$aCriticism, interpretation, etc.$2fast$0(OCoLC)fst01411635
=655  \7$aElectronic books. $2local
=740  0\$aWayne State University Libraries Digital Collections.
=710  2\$aProject Muse.$edistributor
=830  \0$aBook collections on Project MUSE.
=856  40$zFull text available: $uhttps://muse.jhu.edu/book/61456/

