=LDR  01743cam a22004694a 4500
=001  musev2_61472
=003  MdBmJHUP
=005  20241011145637.0
=006  m\\\\\o\\d\\\\\\\\
=007  cr||||||||nn|n
=008  860226r19861984miu\\\\\o\\\\\\00\0\eng\d
=020  \\$a9780814345092
=020  \\$z0814345093
=035  \\$a(OCoLC)1057370130
=040  \\$aMdBmJHUP$cMdBmJHUP
=100  1\$aBabson, Steve.
=245  10$aWorking Detroit / $cSteve Babson with Ron Alpern, Dave Elsila, and John Revitte.
=264  \1$aDetroit :$bWayne State University Press,$c1986, 1984.
=264  \3$aBaltimore, Md. :$bProject MUSE, $c2018
=264  \4$c&copy;1986, 1984.
=300  \\$a1 online resource: $billustrations
=336  \\$atext$btxt$2rdacontent
=337  \\$acomputer$bc$2rdamedia
=338  \\$aonline resource$bcr$2rdacarrier
=500  \\$aOriginally published: New York : Adama Books, 1984.
=506  0\$aOpen Access$fUnrestricted online access$2star
=588  \\$aDescription based on print version record.
=650  \7$aWorking class.$2fast$0(OCoLC)fst01180418
=650  \7$aLabor unions.$2fast$0(OCoLC)fst00990260
=650  \6$aSyndicats$zMichigan$zDetroit$xHistoire.
=650  \6$aTravailleurs$zMichigan$zDetroit$xHistoire.
=650  \0$aLabor unions$zMichigan$zDetroit$xHistory.
=650  \0$aWorking class$zMichigan$zDetroit$xHistory.
=651  \7$aMichigan$zDetroit.$2fast$0(OCoLC)fst01205010
=655  \7$aHistory.$2fast$0(OCoLC)fst01411628
=655  \7$aElectronic books. $2local
=700  1\$aRevitte, John.
=700  1\$aElsila, Dave.
=700  1\$aAlpern, Ron.
=710  2\$aProject Muse.$edistributor
=830  \0$aBook collections on Project MUSE.
=856  40$zFull text available: $uhttps://muse.jhu.edu/book/61472/

