=LDR  07395cam a22006254a 4500
=001  musev2_56562
=003  MdBmJHUP
=005  20241011140028.0
=006  m\\\\\o\\d\\\\\\\\
=007  cr||||||||nn|n
=008  171107r20171988miu\\\\\o\\\\\\00\0\eng\d
=020  \\$a9780814343319
=020  \\$z0814343317
=020  \\$z9780814343302
=035  \\$a(OCoLC)1057669133
=040  \\$aMdBmJHUP$cMdBmJHUP
=100  1\$aAgócs, Sándor,$d1932-$eauthor.
=245  14$aThe Troubled Origins of the Italian Catholic Labor Movement, 1878-1914 / $cSándor Agócs.
=264  \1$aDetroit :$bWayne State University Press,$c2017.
=264  \3$aBaltimore, Md. :$bProject MUSE, $c2018
=264  \4$c©2017.
=300  \\$a1 online resource.
=336  \\$atext$btxt$2rdacontent
=337  \\$acomputer$bc$2rdamedia
=338  \\$aonline resource$bcr$2rdacarrier
=500  \\$aThe publication of this volume in a freely accessible digital format has been made possible by a major grant from the National Endowment for the Humanities and the Mellon Foundation through their Humanities Open Book Program.
=505  0\$aCover; Title Page; Copyright; Contents; Acknowledgments; Introduction; Chapter 1: Philosophy by Decree: Leo XIII and the Thomistic Revival; Chapter 2: The Right to Property Sanctioned by Natural Law; The Defense of Private Property; The Social Functions of Property; The Tutelage Extended to Working People by the Upper Classes; Chapter 3: Inequality of Rights and Power Proceeds from the Very Author of Nature; The Hierarchical Ordering of Society; The Rejection of the Principle of Equality; The Permanence of Classes on the Social Landscape and the Paradoxical Objection to Conflict among Classes
=505  0\$aChapter 4: Fraternity and Angelic CharityCatholic Corporative Doctrine; Italian Catholic Congresses and the Mixed Union; Foreign Models and the Italians' Choice; The State as Moderator of the Affairs of Society; Chapter 5: The Spirit of Revolutionary Change; The Encyclical Rerum Novarum and the Appearance of the Concept of the Simple Union; The Fasci Movement in Sicily and the Social Activism of the Clergy; Class Conflict as a Fact of Life; The 1901 Wave of Strikes and the Reaction of Leo XIII; Toniolo and the Ascendancy of the Simple Union; Chapter 6: To Restore All Things in Christ
=505  0\$aThe Reorganization of Catholic Action under Pius X and the Suppression of Democratic TendenciesThe Ban on the Social Activism of the Clergy; Doctrinal Adjustments; Neutrality in Labor Conflict; The Alliance between Wealth and the Altar; Chapter 7: Aversion to the Higher Classes Is Contrary to the True Spirit of Christian Charity; Catholics Confront Socialism; Catholic Labor in the Industrial Sector; Rural to Urban Migration; Pastoral Work among the Migrants; The Aversion to the Industrial Working Class; Chapter 8: He Who Is a Saint Cannot Disagree with the Pope
=505  0\$aThe Vatican Attempts to Reintroduce the Mixed UnionThe Activists' Refusal; Chapter 9: Religion, the Best Custodian of Justice; The Landless Peasants and the Catholic Labor Movement; The Activists Press for Land Reform; Nonunion Economic Institutions; Chapter 10: The Pope Will Remain Silent; The Religious Nature of Catholic Organizations and the Issues of Lay Autonomy; The Reinforcement of Clerical Control over Catholic Action; The Encyclical Singulari quadam and the Last Battle of the Papacy of Pius X; Conclusions; Notes; References; Index
=506  0\$aOpen Access$fUnrestricted online access$2star
=520  \\$aIn his book, Sándor Agócs explores the conflicts that accompanied the emergence of the Italian Catholic labor movement. He examines the ideologies that were at work and details the organizational forms they inspired. During the formative years of the Italian labor movement, Neo-Thomism became the official ideology of the church. Church leadership drew upon the central Thomistic principal of caritas, Christian love, in its response to the social climate in Italy, which had become increasingly charged with class consciousness and conflict. Aquinas's principles ruled out class struggle as contrary to the spirit of Christianity and called for a symbiotic relationship among the various social strata. Neo-Thomistic philosophy also emphasized the social functions of property, a principle that demanded the paternalistic care and tutelage of the interests of working people by the wealthy. In applying these principles to the nascent labor movement, the church's leadership called for a mixed union (misto), whose membership would include both capitalists and workers. They argued that this type of union best reflected the tenets of Neo-Thomistic social philosophy. In addition, through its insistence on the misto, the church was also motivated by an obsessive concern with socialism, which it viewed as a threat, and by a fear of the working classes, which it associated with socialism, which it viewed as a threat, and by a fear of the working classes, which it associated with socialism. In pressing for the mixed union, therefore, the church leadership hoped not only to realize Neo-Thomistic principles, but also to defuse class struggle and prevent the proletariat from becoming a viable social and political force. Catholic activists, who were called upon to put ideas into practice and confronted social realities daily, learned that the "mixed" unions were a utopian vision that could not be realized. They knew that the age of paternalism was over and that neither the workers not the capitalists were interested in the mixed union. In its stead, the activists urged for the "simple" union, an organization for workers only. The conflict which ensued pitted the bourgeoisie and the Catholic hierarchy against the young activists. Sándor Agócs reveals precisely in what way Catholic social thought was inadequate to deal with the realities of unionization and why Catholics were unable to present a reasonable alternative.
=521  \\$aProfessional and scholarly.
=588  \\$aDescription based on print version record.
=610  27$aCatholic Church.$2fast$0(OCoLC)fst00531720
=610  26$aÉglise catholique$xDoctrines$xHistoire.
=610  20$aCatholic Church$xDoctrines$xHistory.
=650  \7$aTheology, Doctrinal.$2fast$0(OCoLC)fst01149617
=650  \7$aLabor$xReligious aspects$xChristianity.$2fast$0(OCoLC)fst01715689
=650  \7$aChurch and social problems$xCatholic Church.$2fast$0(OCoLC)fst00860495
=650  \7$aCatholic labor unions.$2fast$0(OCoLC)fst00849210
=650  \7$aPOLITICAL SCIENCE$xLabor & Industrial Relations.$2bisacsh
=650  \7$aRELIGION$xChristianity$xCatholic.$2bisacsh
=650  \6$aÉglise et problemes sociaux$zItalie$xÉglise catholique$xHistoire.
=650  \6$aSyndicats catholiques$zItalie$xHistoire.
=650  \0$aLabor$zItaly$xReligious aspects$xChristianity$xHistory.
=650  \0$aChurch and social problems$zItaly$xCatholic Church$xHistory.
=650  \0$aCatholic labor unions$zItaly$xHistory.
=651  \7$aItaly.$2fast$0(OCoLC)fst01204565
=655  \7$aHistory.$2fast$0(OCoLC)fst01411628
=655  \7$aElectronic books. $2local
=740  0\$aWayne State University Libraries Digital Collections.
=710  2\$aProject Muse.$edistributor
=830  \0$aBook collections on Project MUSE.
=856  40$zFull text available: $uhttps://muse.jhu.edu/book/56562/

