=LDR  04617cam a22005894a 4500
=001  musev2_61451
=003  MdBmJHUP
=005  20241011145631.0
=006  m\\\\\o\\d\\\\\\\\
=007  cr||||||||nn|n
=008  171207r20182003miu\\\\\o\\\\\\00\0\eng\d
=020  \\$a9780814344187
=020  \\$z9780814344194
=020  \\$z0814344186
=035  \\$a(OCoLC)1057670360
=040  \\$aMdBmJHUP$cMdBmJHUP
=100  1\$aSanua, Marianne Rachel,$eauthor.
=245  10$aGoing Greek : $bJewish College Fraternities in the United States, 1895-1945 / $cMarianne R. Sanua.
=264  \1$aDetroit :$bWayne State University Press,$c2018.
=264  \3$aBaltimore, Md. :$bProject MUSE, $c2018
=264  \4$c©2018.
=300  \\$a1 online resource: $billustrations
=336  \\$atext$btxt$2rdacontent
=337  \\$acomputer$bc$2rdamedia
=338  \\$aonline resource$bcr$2rdacarrier
=490  0\$aAmerican Jewish Civilization Series
=500  \\$a58 black and white photographs.
=500  \\$aThe publication of this volume in a freely accessible digital format has been made possible by a major grant from the National Endowment for the Humanities and the Mellon Foundation through their Humanities Open Book Program.
=505  0\$aCover; Title Page; Copyright; Dedication; Contents; List of Illustrations; List of Jewish National College Fraternities and Sororities, c. 1930; Preface; Introduction; Chapter 1: The Origins of Jewish Fraternities; Chapter 2: "Oh, Yes, That Nonsectarian Jewish Fraternity": The Search for Identity, 1895-1906; Chapter 3: "Great Things on a Great Scale": Expansion and Opposition, 1909-1919; Chapter 4: The Golden Age: College Fraternities in the "Roaring Twenties"; Chapter 5: "A Treacherous Alma Mater": Facing College Antisemitism
=505  0\$aChapter 6: "What Have I Done?": Intra-Jewish Hostility and the Internalization of AntisemitismChapter 7: "The Idea of Quitting Is Abhorrent": Challenges during the Great Depression; Chapter 8: Fighting Back and Keeping Up Standards; Chapter 9: In the Shadow of Hitler: Social Life, Snobbery, and Jewish Identity; Epilogue: World War II and the Beginning of the End for the Jewish Fraternity System; Appendix A: Chapter Rolls of the National Jewish College Fraternities and Sororities to 1968; Appendix B: Directory of Jewish Fraternity and Sorority Chapters at Selected Colleges and Universities
=505  0\$aAppendix C: Some Distinguished AlumniAppendix D: Songs of the Jewish Fraternities and Sororities c. 1920s-1950s; Notes; Bibliography; Index of Names; Index of Colleges and Universities; Index of Subjects
=506  0\$aOpen Access$fUnrestricted online access$2star
=520  \\$aGoing Greek offers an unprecedented look at the relationship between American Jewish students and fraternity life during its heyday in the first half of the twentieth century. More than secret social clubs, fraternities and sororities profoundly shaped the lives of members long after they left college⁰́₄often dictating choices in marriage as well as business alliances. Widely viewed as a key to success, membership in these self-governing, sectarian organizations was desirable but not easily accessible, especially to non-Protestants and nonwhites. In Going Greek Marianne Sanua examines the founding of Jewish fraternities in light of such topics as antisemitism, the unique challenges faced by Jewish students on campuses across the United States, responses to World War II, and questions pertaining to assimilation and/or identity reinforcement.
=588  \\$aDescription based on print version record.
=650  \7$aJewish youth$xSocieties, etc.$2fast$0(OCoLC)fst00983104
=650  \7$aGreek letter societies.$2fast$0(OCoLC)fst00947430
=650  \7$aEDUCATION$xHigher.$2bisacsh
=650  \7$aSOCIAL SCIENCE$xJewish Studies.$2bisacsh
=650  \7$aHIS022000.$2bisacsh
=650  \6$aJeunesse juive$zÉtats-Unis$xAssociations$xHistoire.
=650  \6$aÉtudiants juifs$zÉtats-Unis$xMorale pratique.
=650  \6$aAssociations designees par des lettres grecques.
=650  \0$aJewish youth$zUnited States$xSocieties, etc.$xHistory.
=650  \0$aJewish college students$zUnited States$xConduct of life.
=650  \0$aGreek letter societies.
=651  \7$aUnited States.$2fast$0(OCoLC)fst01204155
=655  \7$aHistory.$2fast$0(OCoLC)fst01411628
=655  \7$aElectronic books. $2local
=740  0\$aWayne State University Libraries Digital Collections.
=710  2\$aProject Muse.$edistributor
=830  \0$aBook collections on Project MUSE.
=856  40$zFull text available: $uhttps://muse.jhu.edu/book/61451/

