=LDR  02017cam a22004694a 4500
=001  musev2_61467
=003  MdBmJHUP
=005  20241011145636.0
=006  m\\\\\o\\d\\\\\\\\
=007  cr||||||||nn|n
=008  961202s1997\\\\miu\\\\\o\\\\\\00\0\eng\d
=020  \\$a9780814344248
=020  \\$z9780814344255
=020  \\$z0814344240
=035  \\$a(OCoLC)1036967972
=040  \\$aMdBmJHUP$cMdBmJHUP
=100  1\$aFleisher, Robert Jay,$d1953-
=245  10$aTwenty Israeli Composers : $bVoices of a Culture / $cRobert Fleisher ; foreword by Shulamit Ran.
=264  \1$aDetroit :$bWayne State University Press,$c1997.
=264  \3$aBaltimore, Md. :$bProject MUSE, $c2018
=264  \4$c&copy;1997.
=300  \\$a1 online resource: $billustrations
=336  \\$atext$btxt$2rdacontent
=337  \\$acomputer$bc$2rdamedia
=338  \\$aonline resource$bcr$2rdacarrier
=505  0\$aHanoch Jacoby -- Josef Tal -- Haim Alexander -- Abel Ehrlich -- Mordecai Ster -- Ben-Zion Orgad -- Tzvi Avni -- Ami Maayani -- Aharon Harlap -- Arik Shapira -- Daniel Galay -- Tsippi Fleischer -- Gabriel Iranyi -- Stephen Horenstein -- Noa Guy -- Haim Permont -- Yinam Leef -- Betty Olivero -- Ari Ben-shabetai -- Oded Zehavi.
=506  0\$aOpen Access$fUnrestricted online access$2star
=588  \\$aDescription based on print version record.
=650  \7$aMusic.$2fast$0(OCoLC)fst01030269
=650  \7$aComposers.$2fast$0(OCoLC)fst00871620
=650  \0$aMusic$zIsrael$y20th century$xHistory and criticism.
=650  \0$aComposers$zIsrael$xInterviews.
=651  \7$aIsrael.$2fast$0(OCoLC)fst01204236
=655  \7$aInterviews.$2rvmgf
=655  \7$aInterviews.$2lcgft
=655  \7$aInterviews.$2fast$0(OCoLC)fst01423832
=655  \7$aCriticism, interpretation, etc.$2fast$0(OCoLC)fst01411635
=655  \7$ainterviews.$2aat
=655  \7$aElectronic books. $2local
=710  2\$aProject Muse.$edistributor
=830  \0$aBook collections on Project MUSE.
=856  40$zFull text available: $uhttps://muse.jhu.edu/book/61467/

