=LDR  02155cam a22004574a 4500
=001  musev2_57990
=003  MdBmJHUP
=005  20241011141729.0
=006  m\\\\\o\\d\\\\\\\\
=007  cr||||||||nn|n
=008  811127s1982\\\\nyu\\\\\o\\\\\\00\0\eng\d
=010  \\$z  2021701605
=020  \\$a9781501720024
=020  \\$z9780801414770
=020  \\$z9781501720017
=020  \\$z9781501727986
=035  \\$a(OCoLC)1057688762
=040  \\$aMdBmJHUP$cMdBmJHUP
=100  1\$aLaCapra, Dominick,$d1939-
=245  10$aMadame Bovary on Trial / $cDominick LaCapra.
=264  \1$aIthaca, N.Y. :$bCornell University Press,$c1982.
=264  \3$aBaltimore, Md. :$bProject MUSE, $c2018
=264  \4$c&copy;1982.
=300  \\$a1 online resource (224 pages).
=336  \\$atext$btxt$2rdacontent
=337  \\$acomputer$bc$2rdamedia
=338  \\$aonline resource$bcr$2rdacarrier
=505  0\$aMadame Bovary on Trial; Contents; Preface; 1 A Problem in Reading; 2 The Trial; 3 From Trial to Text; 4 Flaubert's Projects: Pure Art and Carnivalization; 5 Dual Style; 6 Narrative Practice and Free Indirect Style; 7 Selected Passages; 8 Aspects of the Novel; 9 Conclusion; Index.
=506  0\$aOpen Access$fUnrestricted online access$2star
=520  \\$aIn 1857, following the publication of Madame Bovary, Flaubert was charged with having committed an "outrage to public morality and religion." Dominick LaCapra, an intellectual historian with wide-ranging literary interests, here examines this remarkable trial
=588  \\$aDescription based on print version record.
=600  16$aFlaubert, Gustave,$d1821-1880.$tMadame Bovary.
=600  11$aFlaubert, Gustave,$d1821-1880.$tMadame Bovary.
=600  10$aFlaubert, Gustave,$d1821-1880.$tMadame Bovary.
=650  \7$aLITERARY CRITICISM$xEuropean$xFrench.$2bisacsh
=630  07$aMadame Bovary (Flaubert, Gustave)$2fast$0(OCoLC)fst01357294
=655  \7$aCriticism, interpretation, etc.$2fast$0(OCoLC)fst01411635
=655  \7$aElectronic books. $2local
=710  2\$aProject Muse.$edistributor
=830  \0$aBook collections on Project MUSE.
=856  40$zFull text available: $uhttps://muse.jhu.edu/book/57990/

