=LDR  03019cam a22007094a 4500
=001  musev2_57991
=003  MdBmJHUP
=005  20241011141729.0
=006  m\\\\\o\\d\\\\\\\\
=007  cr||||||||nn|n
=008  730911s1957\\\\nyu\\\\\o\\\\\\00\0\eng\d
=010  \\$z   57004688 
=020  \\$a9781501726224
=035  \\$a(OCoLC)1057669910
=040  \\$aMdBmJHUP$cMdBmJHUP
=100  1\$aDavis, David Brion.
=245  10$aHomicide in American Fiction, 1798-1860 : $bA Study in Social Values
=264  \1$aIthaca, N.Y.,$bCornell University Press$c[1957]
=264  \3$aBaltimore, Md. :$bProject MUSE, $c2018
=264  \4$c©[1957]
=300  \\$a1 online resource (364 pages).
=336  \\$atext$btxt$2rdacontent
=337  \\$acomputer$bc$2rdamedia
=338  \\$aonline resource$bcr$2rdacarrier
=490  0\$aCornell paperbacks
=505  00$tJames Fenimore Cooper --$tNathaniel Hawthorne --$tGeorge Lippard --$tJohn Locke --$tEdgar Allan Poe --$tWilliam Gilmore Sims.
=506  0\$aOpen Access$fUnrestricted online access$2star
=588  \\$aDescription based on print version record.
=650  \7$aDidactic fiction, American$xHistory and criticism.$2nli
=650  \7$aAmerican fiction$y19th century$xHistory and criticism.$2nli
=650  \7$aMord$gMotiv$2gnd
=650  \7$aLiteratur$2gnd
=650  \7$aSocial values in literature.$2fast$0(OCoLC)fst01123442
=650  \7$aMurder in literature.$2fast$0(OCoLC)fst01029804
=650  \7$aLiterature and society.$2fast$0(OCoLC)fst01000096
=650  \7$aHomicide in literature.$2fast$0(OCoLC)fst00959682
=650  \7$aDidactic fiction, American.$2fast$0(OCoLC)fst00892919
=650  \7$aAmerican fiction.$2fast$0(OCoLC)fst00807048
=650  \7$aAmerican fiction$xThemes, motives.$2fast$0(OCoLC)fst00807096
=650  \6$aRoman americain$y19e siecle$xHistoire et critique.
=650  \6$aHomicide dans la litterature.
=650  \6$aMeurtre dans la litterature.
=650  \6$aValeurs sociales dans la litterature.
=650  \6$aRoman didactique americain$xThemes, motifs.
=650  \6$aLitterature et societe$zÉtats-Unis$xHistoire$y19e siecle.
=650  \6$aRoman americain$y19e siecle$xThemes, motifs.
=650  \0$aAmerican fiction$y19th century$xThemes, motives.
=650  \0$aMurder in literature.
=650  \0$aSocial values in literature.
=650  \0$aDidactic fiction, American$xHistory and criticism.
=650  \0$aLiterature and society$zUnited States$xHistory$y19th century.
=650  \0$aAmerican fiction$y19th century$xHistory and criticism.
=650  \0$aHomicide in literature.
=651  \7$aUSA.$2swd
=651  \7$aUSA$2gnd
=651  \7$aUnited States.$2fast$0(OCoLC)fst01204155
=655  \7$aHistory.$2fast$0(OCoLC)fst01411628
=655  \7$aCriticism, interpretation, etc.$2fast$0(OCoLC)fst01411635
=655  \7$aElectronic books. $2local
=710  2\$aProject Muse.$edistributor
=830  \0$aBook collections on Project MUSE.
=856  40$zFull text available: $uhttps://muse.jhu.edu/book/57991/

