=LDR  02252cam a22005654a 4500
=001  musev2_57992
=003  MdBmJHUP
=005  20241011141730.0
=006  m\\\\\o\\d\\\\\\\\
=007  cr||||||||nn|n
=008  940608s1994\\\\nyu\\\\\o\\\\\\00\0\eng\d
=010  \\$z  2019725871
=020  \\$a9781501726248
=020  \\$z9781501726231
=020  \\$z9780801430060
=020  \\$z9781501727801
=035  \\$a(OCoLC)1057663575
=040  \\$aMdBmJHUP$cMdBmJHUP
=100  1\$aDolan, Frederick Michael,$eauthor.
=245  10$aAllegories of America : $bNarratives, Metaphysics, Politics / $cFrederick M. Dolan.
=264  \1$aIthaca :$bCornell University Press,$c1994.
=264  \3$aBaltimore, Md. :$bProject MUSE, $c2018
=264  \4$c©1994.
=300  \\$a1 online resource (248 pages).
=336  \\$atext$btxt$2rdacontent
=337  \\$acomputer$bc$2rdamedia
=338  \\$aonline resource$bcr$2rdacarrier
=490  0\$aContestations
=505  0\$aThe fiction of America - America's critique of reason - Cold War metaphysics - Fiction and the dilemma of postmodern politics - Practicing political theory otherwise.
=506  0\$aOpen Access$fUnrestricted online access$2star
=588  \\$aDescription based on print version record.
=650  \7$aPolitics and literature.$2fast$0(OCoLC)fst01069960
=650  \7$aPolitical science.$2fast$0(OCoLC)fst01069781
=650  \7$aPolitical culture.$2fast$0(OCoLC)fst01069263
=650  \7$aFiction$xPolitical aspects.$2fast$0(OCoLC)fst00923741
=650  \7$aAllegory.$2fast$0(OCoLC)fst00805516
=650  \6$aAllegorie.
=650  \6$aPolitique et litterature$zÉtats-Unis.
=650  \6$aRoman$xAspect politique$zÉtats-Unis.
=650  \0$aAllegory.
=650  \0$aPolitics and literature$zUnited States.
=650  \0$aFiction$xPolitical aspects$zUnited States.
=650  \0$aPolitical science$zUnited States$xHistory.
=650  \0$aPolitical culture$zUnited States.
=651  \7$aUnited States.$2fast$0(OCoLC)fst01204155
=655  \7$aHistory.$2fast$0(OCoLC)fst01411628
=655  \7$aElectronic books. $2local
=710  2\$aProject Muse.$edistributor
=830  \0$aBook collections on Project MUSE.
=856  40$zFull text available: $uhttps://muse.jhu.edu/book/57992/

