=LDR  01416cam a22004214a 4500
=001  musev2_57993
=003  MdBmJHUP
=005  20241011141731.0
=006  m\\\\\o\\d\\\\\\\\
=007  cr||||||||nn|n
=008  910617s1992\\\\nyu\\\\\o\\\\\\00\0\eng\d
=010  \\$z  2021701608
=020  \\$a9781501726262
=020  \\$z9781501727818
=020  \\$z9781501726255
=020  \\$z9780801425479
=035  \\$a(OCoLC)1057699736
=040  \\$aMdBmJHUP$cMdBmJHUP
=100  1\$aFinke, Laurie.
=245  10$aFeminist Theory, Women's Writing / $cLaurie A. Finke.
=264  \1$aIthaca, N.Y. :$bCornell University Press,$c1992.
=264  \3$aBaltimore, Md. :$bProject MUSE, $c2018
=264  \4$c&copy;1992.
=300  \\$a1 online resource (240 pages).
=336  \\$atext$btxt$2rdacontent
=337  \\$acomputer$bc$2rdamedia
=338  \\$aonline resource$bcr$2rdacarrier
=490  0\$aReading women writing
=506  0\$aOpen Access$fUnrestricted online access$2star
=588  \\$aDescription based on print version record.
=650  \7$aFeminist theory.$2fast$0(OCoLC)fst00922816
=650  \7$aFeminism and literature.$2fast$0(OCoLC)fst00922735
=650  \0$aFeminism and literature.
=650  \0$aFeminist theory.
=655  \7$aElectronic books. $2local
=710  2\$aProject Muse.$edistributor
=830  \0$aBook collections on Project MUSE.
=856  40$zFull text available: $uhttps://muse.jhu.edu/book/57993/

