=LDR  02832cam a22005654a 4500
=001  musev2_57994
=003  MdBmJHUP
=005  20241011141731.0
=006  m\\\\\o\\d\\\\\\\\
=007  cr||||||||nn|n
=008  880203s1988\\\\nyu\\\\\o\\\\\\00\0\eng\d
=010  \\$z  2019725865
=020  \\$a9781501726347
=020  \\$z9781501726330
=020  \\$z9781501727962
=020  \\$z9780801421556
=035  \\$a(OCoLC)1057682914
=040  \\$aMdBmJHUP$cMdBmJHUP
=100  1\$aIkenberry, G. John,$eauthor.
=245  10$aReasons of State : $bOil Politics and the Capacities of American Government / $cG. John Ikenberry.
=264  \1$aLondon :$bCornell University Press,$c[1988]
=264  \3$aBaltimore, Md. :$bProject MUSE, $c2018
=264  \4$c©[1988]
=300  \\$a1 online resource (234 pages).
=336  \\$atext$btxt$2rdacontent
=337  \\$acomputer$bc$2rdamedia
=338  \\$aonline resource$bcr$2rdacarrier
=490  0\$aCornell Paperbacks
=490  0\$aCornell Studies in Political Economy
=505  0\$aThe oil shocks and state responses -- Explaining energy adjustment policy -- The American state and energy policies -- The limits of international cooperation -- The limits of state building -- The limits of technology and spending -- The market as state strategy -- Reasons of state.
=506  0\$aOpen Access$fUnrestricted online access$2star
=520  \\$aIn this lucid and theoretically sophisticated book, G. John Ikenberry focuses on the oil price shocks of 1973-74 and 1979, which placed extraordinary new burdens on governments worldwide and particularly on that of the United States. Reasons of State examines the response of the United States to these and other challenges and identifies both the capacities of the American state to deal with rapid international political and economic change and the limitations that constrain national policy.
=588  \\$aDescription based on print version record.
=650  \7$aRegierung$2gnd
=650  \7$aKooperation$2gnd
=650  \7$aErdölpolitik$2gnd
=650  \7$aEnergiepolitik$2gnd
=650  \7$aPetroleum industry and trade$xGovernment policy.$2fast$0(OCoLC)fst01059602
=650  \7$aEnergy policy.$2fast$0(OCoLC)fst00910200
=650  \7$aPOLITICAL SCIENCE$xPolitical Economy.$2bisacsh
=650  \6$aPolitique energetique$zÉtats-Unis.
=650  \6$aPetrole$xIndustrie et commerce$xPolitique gouvernementale$zÉtats-Unis.
=650  \0$aEnergy policy$zUnited States.
=650  \0$aPetroleum industry and trade$xGovernment policy$zUnited States.
=651  \7$aUSA.$2swd
=651  \7$aUnited States.$2fast$0(OCoLC)fst01204155
=655  \7$aElectronic books. $2local
=710  2\$aProject Muse.$edistributor
=830  \0$aBook collections on Project MUSE.
=856  40$zFull text available: $uhttps://muse.jhu.edu/book/57994/

