=LDR  01846cam a22004574a 4500
=001  musev2_57995
=003  MdBmJHUP
=005  20241011141732.0
=006  m\\\\\o\\d\\\\\\\\
=007  cr||||||||nn|n
=008  100326s1988\\\\nyu\\\\\o\\\\\\00\0\eng\d
=010  \\$z   88047731 
=020  \\$a9781501726378
=020  \\$z9781501726354
=020  \\$z9781501726361
=020  \\$z9780801422096
=035  \\$a(OCoLC)1057693534
=040  \\$aMdBmJHUP$cMdBmJHUP
=100  1\$aKamuf, Peggy,$d1947-
=245  10$aSignature Pieces : $bOn the Institution of Authorship / $cPeggy Kamuf.
=264  \1$aIthaca :$bCornell University Press,$c1988.
=264  \3$aBaltimore, Md. :$bProject MUSE, $c2018
=264  \4$c&copy;1988.
=300  \\$a1 online resource (252 pages).
=336  \\$atext$btxt$2rdacontent
=337  \\$acomputer$bc$2rdamedia
=338  \\$aonline resource$bcr$2rdacarrier
=505  0\$aPreface / Peggy Kamuf -- Introduction : a single line divided -- Part I. Rousseau and the modern signature -- The name of a problem -- Contracting the signature -- Author of a crime -- Seeing through Rousseau -- Endpiece -- Part II. No one signs for the other -- Baudelaire au feminin -- Penelope at work -- Part III. Resistance theories -- Floating authorship -- Pieces of resistance.
=506  0\$aOpen Access$fUnrestricted online access$2star
=588  \\$aDescription based on print version record.
=650  17$aAuteurschap.$2gtt
=650  17$aLiteratuurwetenschap.$2gtt
=650  \7$aAuthorship.$2fast$0(OCoLC)fst00822442
=650  \7$aauthorship.$2aat
=650  \6$aArt d'ecrire.
=650  \2$aAuthorship
=650  \0$aAuthorship.
=655  \7$aElectronic books. $2local
=710  2\$aProject Muse.$edistributor
=830  \0$aBook collections on Project MUSE.
=856  40$zFull text available: $uhttps://muse.jhu.edu/book/57995/

