=LDR  02179cam a22004694a 4500
=001  musev2_57997
=003  MdBmJHUP
=005  20241011141733.0
=006  m\\\\\o\\d\\\\\\\\
=007  cr||||||||nn|n
=008  971104s1998\\\\nyu\\\\\o\\\\\\00\0\eng\d
=010  \\$z  2019725884
=020  \\$a9781501726439
=020  \\$z9781501726422
=020  \\$z9780801433764
=020  \\$z9781501726415
=035  \\$a(OCoLC)1057680727
=040  \\$aMdBmJHUP$cMdBmJHUP
=100  1\$aMoore, Barrington,$d1913-2005,$eauthor.
=245  10$aMoral Aspects of Economic Growth, and Other Essays / $cBarrington Moore, Jr.
=264  \1$aIthaca :$bCornell University Press,$c1998.
=264  \3$aBaltimore, Md. :$bProject MUSE, $c2018
=264  \4$c&copy;1998.
=300  \\$a1 online resource (200 pages).
=336  \\$atext$btxt$2rdacontent
=337  \\$acomputer$bc$2rdamedia
=338  \\$aonline resource$bcr$2rdacarrier
=490  0\$aThe Wilder House series in politics, history, and culture
=505  00$tMoral aspects of economic growth : historical notes on business morality in England --$tAusterity and unintended riches --$tLiberal prospects under Soviet socialism : a comparative historical perspective --$tSocial sources of anti-social behavior --$tPrinciples of social inequality -$tRational discussion : comparative historical notes on its origins, enemies, and prospects --$tWhat is not worth knowing --$t"Bequests of the twentieth century to the twenty-first" : in memory of William Graham Sumner.
=506  0\$aOpen Access$fUnrestricted online access$2star
=588  \\$aDescription based on print version record.
=650  \7$aSocial ethics.$2fast$0(OCoLC)fst01122447
=650  \7$aBusiness ethics.$2fast$0(OCoLC)fst00842675
=650  \6$aMorale des affaires$zAngleterre$xHistoire.
=650  \0$aSocial ethics.
=650  \0$aBusiness ethics$zEngland$xHistory.
=651  \7$aEngland.$2fast$0(OCoLC)fst01219920
=655  \7$aHistory.$2fast$0(OCoLC)fst01411628
=655  \7$aElectronic books. $2local
=710  2\$aProject Muse.$edistributor
=830  \0$aBook collections on Project MUSE.
=856  40$zFull text available: $uhttps://muse.jhu.edu/book/57997/

