=LDR  01145cam a22003494a 4500
=001  musev2_58010
=003  MdBmJHUP
=005  20241011141740.0
=006  m\\\\\o\\d\\\\\\\\
=007  cr||||||||nn|n
=008  220902s2018\\\\xx\\\\\\o\\\\\\00\0\eng\d
=020  \\$a9781501721373
=020  \\$z9781501721366
=020  \\$z9781501727788
=020  \\$z9780801426971
=035  \\$a(OCoLC)1057696839
=040  \\$aMdBmJHUP$cMdBmJHUP
=100  0\$aHsiang-Shui Chen.
=245  10$aChinatown No More : $bTaiwan Immigrants in Contemporary New York
=264  \1$bCornell University Press,$c2018
=264  \3$aBaltimore, Md. :$bProject MUSE, $c2018
=264  \4$c&copy;2018
=300  \\$a1 online resource (296 pages).
=336  \\$atext$btxt$2rdacontent
=337  \\$acomputer$bc$2rdamedia
=338  \\$aonline resource$bcr$2rdacarrier
=506  0\$aOpen Access$fUnrestricted online access$2star
=588  \\$aDescription based on print version record.
=655  \7$aElectronic books. $2local
=710  2\$aProject Muse.$edistributor
=830  \0$aBook collections on Project MUSE.
=856  40$zFull text available: $uhttps://muse.jhu.edu/book/58010/

