=LDR  02782cam a22005534a 4500
=001  musev2_58011
=003  MdBmJHUP
=005  20241011141740.0
=006  m\\\\\o\\d\\\\\\\\
=007  cr||||||||nn|n
=008  100317s1978\\\\nyu\\\\\o\\\\\\00\0\eng\d
=020  \\$a9781501721403
=020  \\$z9781501721380
=020  \\$z9781501721397
=020  \\$z9780801408588
=035  \\$a(OCoLC)1057670299
=040  \\$aMdBmJHUP$cMdBmJHUP
=100  1\$aSharp, Lauriston.
=245  10$aBang Chan : $bSocial History of a Rural Community in Thailand / $cLauriston Sharp and Lucien M. Hanks.
=264  \1$aIthaca :$bCornell University Press,$c1978.
=264  \3$aBaltimore, Md. :$bProject MUSE, $c2018
=264  \4$c©1978.
=300  \\$a1 online resource (316 pages): $billustrations
=336  \\$atext$btxt$2rdacontent
=337  \\$acomputer$bc$2rdamedia
=338  \\$aonline resource$bcr$2rdacarrier
=490  0\$aCornell studies in anthropology
=505  0\$aDeparture -- The dispensable ones -- Newcomers -- Migration -- The new life -- Patrons and their work -- Years of austerity -- Transformation scene -- Five perspectives -- Appendix A. Schooling of Bang Chan population by age and sex, 1953 -- Appendix B. Bang Chan school enrollment, fourth-grade enrollment, number graduating from fourth grade, and number entering middle school, 1937-1960 -- Appendix C. Responses of 363 fourth-grade rural and urban schoolchildren aged 11-14 in 1954 to the question: "When you are 25 years old, what kind of work would you like to be doing?" -- Appendix D. Religious affiliation and experience of Bang Chan males, by age group, 1949 -- Appendix E. Price rage of padi, land, and land rent in Bang Chan, 1880-1953 (in baht).
=506  0\$aOpen Access$fUnrestricted online access$2star
=588  \\$aDescription based on print version record.
=650  17$aEtnografie.$2gtt
=650  17$aDorpen.$2gtt
=650  \7$aVillages.$2fast$0(OCoLC)fst01166969
=650  \7$aSocial conditions$2fast$0(OCoLC)fst01919811
=650  \7$aManners and customs.$2fast$0(OCoLC)fst01007815
=650  \7$aEthnology.$2fast$0(OCoLC)fst00916106
=650  \6$aVillages$zThaïlande.
=650  \6$aEthnologie$zThaïlande.
=650  \0$aVillages$zThailand.
=650  \0$aEthnology$zThailand.
=651  \7$aThailand$zBang Chan.$2fast$0(OCoLC)fst01223207
=651  \7$aThailand.$2fast$0(OCoLC)fst01205310
=651  \0$aBang Chan (Thailand)$xSocial life and customs.
=651  \0$aBang Chan (Thailand)$xSocial conditions.
=655  \7$aElectronic books. $2local
=700  1\$aHanks, Lucien M.$q(Lucien Mason),$d1910-1988,$eauthor.
=710  2\$aProject Muse.$edistributor
=830  \0$aBook collections on Project MUSE.
=856  40$zFull text available: $uhttps://muse.jhu.edu/book/58011/

