=LDR  02877cam a22005654a 4500
=001  musev2_58012
=003  MdBmJHUP
=005  20241011141741.0
=006  m\\\\\o\\d\\\\\\\\
=007  cr||||||||nn|n
=008  870827s1988\\\\nyu\\\\\o\\\\\\00\0\eng\d
=010  \\$z  2019725864
=020  \\$a9781501721427
=020  \\$z9781501721410
=020  \\$z9781501728112
=020  \\$z9780801421280
=035  \\$a(OCoLC)1057693990
=040  \\$aMdBmJHUP$cMdBmJHUP
=100  1\$aSiebers, Tobin,$eauthor.
=245  14$aThe Ethics of Criticism / $cTobin Siebers.
=264  \1$aIthaca :$bCornell University Press,$c1988.
=264  \3$aBaltimore, Md. :$bProject MUSE, $c2018
=264  \4$c&copy;1988.
=300  \\$a1 online resource (264 pages).
=336  \\$atext$btxt$2rdacontent
=337  \\$acomputer$bc$2rdamedia
=338  \\$aonline resource$bcr$2rdacarrier
=500  \\$aIncludes index.
=505  00$tThe character of criticism : introduction --$tEthical criticism : from Plato to pluralism --$tThe ethics of autonomy : biography and the new criticism --$tEthics in the age of Rousseau : from Levi-Strauss to Derrida --$tPaul de Man and the triumph of falling --$tResentment and the genealogy of morals : from Nietzsche to Girard --$tThe ethical unconscious : from Freud to Lacan --$tThe ethics of sexual difference --$tThe ethics of nuclear criticism : conclusion.
=506  0\$aOpen Access$fUnrestricted online access$2star
=520  \\$aTobin Siebers asserts that literary criticism is essentially a form of ethics. The Ethics of Criticism investigates the moral character of contemporary literary theory, assessing a wide range of theoretical approaches in terms of both the ethical presuppositions underlying the critical claims and the attitudes fostered by the approaches. Building on analyses of the moral legacies of Plato, Kant, Nietzsche, and Freud, Siebers identifies the various fronts on which the concerns of critical theory impinge on those of ethics.
=588  \\$aDescription based on print version record.
=650  \7$aLiteraturwissenschaft$2gnd
=650  \7$aLiteraturtheorie$2gnd
=650  \7$aKritizismus$2gnd
=650  \7$aEthik$2gnd
=650  \7$aLiterary ethics.$2fast$0(OCoLC)fst00999920
=650  \7$aCriticism$xMoral and ethical aspects.$2fast$0(OCoLC)fst00883745
=650  \7$aLiterature and morals.$2fast$0(OCoLC)fst01000085
=650  \7$aBUSINESS & ECONOMICS$xBusiness Ethics.$2bisacsh
=650  \6$aMorale litteraire.
=650  \6$aLitterature et morale.
=650  \6$aCritique$xAspect moral.
=650  \0$aLiterature and morals.
=650  \0$aLiterary ethics.
=650  \0$aCriticism$xMoral and ethical aspects.
=655  \7$aElectronic books. $2local
=710  2\$aProject Muse.$edistributor
=830  \0$aBook collections on Project MUSE.
=856  40$zFull text available: $uhttps://muse.jhu.edu/book/58012/

