=LDR  04944cam a22010934a 4500
=001  musev2_58013
=003  MdBmJHUP
=005  20241011141743.0
=006  m\\\\\o\\d\\\\\\\\
=007  cr||||||||nn|n
=008  930323s1993\\\\nyu\\\\\o\\\\\\00\0\eng\d
=010  \\$z   93017254 
=020  \\$a9781501722684
=020  \\$z9780801427817
=020  \\$z9781501722677
=020  \\$z9781501727733
=035  \\$a(OCoLC)1057692847
=040  \\$aMdBmJHUP$cMdBmJHUP
=100  1\$aAnderson, Amanda,$d1960-
=245  10$aTainted Souls and Painted Faces : $bThe Rhetoric of Fallenness in Victorian Culture / $cAmanda Anderson.
=264  \1$aIthaca :$bCornell University Press,$c1993.
=264  \3$aBaltimore, Md. :$bProject MUSE, $c2018
=264  \4$c©1993.
=300  \\$a1 online resource (264 pages).
=336  \\$atext$btxt$2rdacontent
=337  \\$acomputer$bc$2rdamedia
=338  \\$aonline resource$bcr$2rdacarrier
=490  0\$aReading women writing
=505  0\$aMid-Victorian conceptions of character, agency, and reform: social science and the "great social evil" -- "The taint the very tale conveyed": self-reading, suspicion, and falleness in Dickens -- Melodrama, morbidity, and unthinking sympathy: Gaskell's Mary Barton and Ruth -- Dramatic monologue in crisis: agency and exchange in G.G. Rossetti's "Jenny" -- Reproduced in finer motions: encouraging the fallen in Barrett Browning's Aurora Leigh -- Afterword: intersubjectivity and the politics of poststructuralism.
=506  0\$aOpen Access$fUnrestricted online access$2star
=588  \\$aDescription based on print version record.
=650  07$aGeschichte 1837-1901.$2swd
=650  07$aGeschichte 1832-1902.$2swd
=650  \7$alitterature anglaise$xprostitution$y19e s.$2rero
=650  \7$aRôle selon le sexe$xDans la litterature.$2ram
=650  \7$aProstitution dans la litterature.$2ram
=650  \7$aProstitution$xHistoire$zGrande-Bretagne$y19e siecle.$2ram
=650  \7$aFemmes et litterature$zGrande-Bretagne$y19e siecle.$2ram
=650  \7$aLitterature anglaise$y19e siecle$xHistoire et critique.$2ram
=650  \7$aSex role in literature.$2nli
=650  \7$aProstitution in literature.$2nli
=650  \7$aMoral conditions in literature.$2nli
=650  \7$aProstitution$zGreat Britain$xHistory$y19th century.$2nli
=650  \7$aWomen and literature$zGreat Britain$y19th century.$2nli
=650  \7$aFrench literature$y19th century$xHistory and criticism.$2nli
=650  17$aEngels.$2gtt
=650  17$aProstitutie.$2gtt
=650  17$aVrouwen.$2gtt
=650  17$aLetterkunde.$2gtt
=650  \7$aProstituierte$2gnd
=650  \7$aProstituierte$gMotiv$2gnd
=650  \7$aMoral$gMotiv$2gnd
=650  \7$aLiteratur$2gnd
=650  \7$aGeschlechterrolle$gMotiv$2gnd
=650  \7$aGefallenes Mädchen$2gnd
=650  \7$aFrau$gMotiv$2gnd
=650  \7$aEnglisch$2gnd
=650  \7$aWomen and literature.$2fast$0(OCoLC)fst01177093
=650  \7$aSex role in literature.$2fast$0(OCoLC)fst01114649
=650  \7$aProstitution.$2fast$0(OCoLC)fst01079562
=650  \7$aProstitutes in literature.$2fast$0(OCoLC)fst01079558
=650  \7$aMoral conditions in literature.$2fast$0(OCoLC)fst01026045
=650  \7$aEnglish literature.$2fast$0(OCoLC)fst00911989
=650  \6$aRôle selon le sexe dans la litterature.
=650  \6$aProstituees dans la litterature.
=650  \6$aConditions morales dans la litterature.
=650  \6$aProstitution$zGrande-Bretagne$xHistoire$y19e siecle.
=650  \6$aFemmes et litterature$zGrande-Bretagne$xHistoire$y19e siecle.
=650  \6$aLitterature anglaise$y19e siecle$xHistoire et critique.
=650  \4$aLiteratur.
=650  \4$aGeschichte.
=650  \4$aFrau.
=650  \4$aEnglisch.
=650  \4$aRôle selon le sexe dans la litterature.
=650  \4$aProstituees dans la litterature.
=650  \4$aProstitution - Grande-Bretagne - Histoire - 19e siecle.
=650  \4$aLitterature anglaise - 19e siecle - Histoire et critique.
=650  \4$aFemmes et litterature - Grande-Bretagne - Histoire - 19e siecle.
=650  \4$aConditions morales dans la litterature.
=650  \0$aSex role in literature.
=650  \0$aProstitutes in literature.
=650  \0$aMoral conditions in literature.
=650  \0$aProstitution$zGreat Britain$xHistory$y19th century.
=650  \0$aWomen and literature$zGreat Britain$xHistory$y19th century.
=650  \0$aEnglish literature$y19th century$xHistory and criticism.
=651  \7$aEnglisch.$2swd
=651  \7$aGreat Britain.$2fast$0(OCoLC)fst01204623
=651  \4$aGrossbritannien.
=655  \7$aHistory.$2fast$0(OCoLC)fst01411628
=655  \7$aCriticism, interpretation, etc.$2fast$0(OCoLC)fst01411635
=655  \7$aElectronic books. $2local
=710  2\$aProject Muse.$edistributor
=830  \0$aBook collections on Project MUSE.
=856  40$zFull text available: $uhttps://muse.jhu.edu/book/58013/

