=LDR  04351cam a22006014a 4500
=001  musev2_58015
=003  MdBmJHUP
=005  20241011141744.0
=006  m\\\\\o\\d\\\\\\\\
=007  cr||||||||nn|n
=008  100324s1987\\\\nyu\\\\\o\\\\\\00\0\eng\d
=020  \\$a9781501722738
=020  \\$z9781501722714
=020  \\$z9781501722721
=020  \\$z9780801419492
=035  \\$a(OCoLC)1057684906
=040  \\$aMdBmJHUP$cMdBmJHUP
=100  1\$aArmstrong, Paul B.,$d1949-
=245  14$aThe Challenge of Bewilderment : $bUnderstanding and Representation in James, Conrad, and Ford / $cPaul B. Armstrong.
=264  \1$aIthaca :$bCornell University Press,$c1987.
=264  \3$aBaltimore, Md. :$bProject MUSE, $c2018
=264  \4$c©1987.
=300  \\$a1 online resource (294 pages).
=336  \\$atext$btxt$2rdacontent
=337  \\$acomputer$bc$2rdamedia
=338  \\$aonline resource$bcr$2rdacarrier
=505  0\$aPreface / Paul B. Armstrong -- Introduction : bewilderment, understanding, and representation -- Part I. Jamesian bewilderment : the composing powers of consciousness -- Interpretation and ambiguity in The sacred fount -- Reality and/or interpretation in The ambassadors -- Part II. Conradian bewilderment : the metaphysics of belief -- Contingency, interpretation, and belief in Lord Jim -- The ontology of society in Nostromo -- Part III. Fordian bewilderment : the primacy of unreflective experience -- Obscurity and reflection in The good soldier -- Reification and resentment in Parade's End -- Epilogue : bewilderment and modern fiction.
=506  0\$aOpen Access$fUnrestricted online access$2star
=520  \\$aThe Challenge of Bewilderment treats the epistemology of representation in major works by Henry James, Joseph Conrad, and Ford Madox Ford, attempting to explain how the novel turned away from its traditional concern with realistic representation and toward self-consciousness about the relation between knowing and narration. Paul B. Armstrong here addresses the pivotal thematic experience of "bewilderment," an experience that challenges the reader's very sense of reality and that shows it to have no more certainty or stability than an interpretative construct. Through readings of The Sacred Fount and The Ambassadors by James, Lord Jim and Nostromo by Conrad, and The Good Soldier and Parade's End by Ford, Armstrong examines how each writer dramatizes his understanding of the act of knowing. Armstrong demonstrates how the novelists' attitudes toward the process of knowing inform experiments with representation, through which they thematize the relation between the understanding of a fictional world and everyday habits of perception. Finally, he considers how these experiments with the strategies of narration produce a heightened awareness of the process of interpretation.
=588  \\$aDescription based on print version record.
=600  17$aJames, Henry,$d1843-1916.$2fast$0(OCoLC)fst00028686
=600  17$aFord, Ford Madox,$d1873-1939.$2fast$0(OCoLC)fst00289558
=600  17$aConrad, Joseph,$d1857-1924.$2fast$0(OCoLC)fst00035252
=600  11$aConrad, Joseph,$d1857-1924$xCriticism and interpretation.
=600  11$aFord, Ford Madox,$d1873-1939$xCriticism and interpretation.
=600  11$aJames, Henry,$d1843-1916$xCriticism and interpretation.
=600  10$aJames, Henry,$d1843-1916$xCriticism and interpretation.
=600  10$aFord, Ford Madox,$d1873-1939$xCriticism and interpretation.
=600  10$aConrad, Joseph,$d1857-1924$xCriticism and interpretation.
=650  \7$aMimesis in literature.$2fast$0(OCoLC)fst01896075
=650  \7$aKnowledge, Theory of, in literature.$2fast$0(OCoLC)fst00988217
=650  \7$aEnglish fiction.$2fast$0(OCoLC)fst00910817
=650  \6$aTheorie de la connaissance dans la litterature.
=650  \6$aMimêsis dans la litterature.
=650  \6$aRoman anglais$y20e siecle$xHistoire et critique.
=650  \0$aKnowledge, Theory of, in literature.
=650  \0$aMimesis in literature.
=650  \0$aEnglish fiction$y20th century$xHistory and criticism.
=655  \7$aCriticism, interpretation, etc.$2fast$0(OCoLC)fst01411635
=655  \7$aElectronic books. $2local
=710  2\$aProject Muse.$edistributor
=830  \0$aBook collections on Project MUSE.
=856  40$zFull text available: $uhttps://muse.jhu.edu/book/58015/

