=LDR  02037cam a22004694a 4500
=001  musev2_58016
=003  MdBmJHUP
=005  20241011141745.0
=006  m\\\\\o\\d\\\\\\\\
=007  cr||||||||nn|n
=008  830324s1983\\\\nyu\\\\\o\\\\\\00\0\eng\d
=010  \\$z   83006220 
=020  \\$a9781501722752
=020  \\$z9781501722745
=020  \\$z9781501727757
=020  \\$z9780801415555
=035  \\$a(OCoLC)1057691329
=040  \\$aMdBmJHUP$cMdBmJHUP
=100  1\$aBaer, Judith A.
=245  10$aEquality under the Constitution : $bReclaiming the Fourteenth Amendment / $cJudith A. Baer.
=264  \1$aIthaca :$bCornell University Press,$c1983.
=264  \3$aBaltimore, Md. :$bProject MUSE, $c2018
=264  \4$c©1983.
=300  \\$a1 online resource (312 pages).
=336  \\$atext$btxt$2rdacontent
=337  \\$acomputer$bc$2rdamedia
=338  \\$aonline resource$bcr$2rdacarrier
=505  0\$aPreface -- Introduction -- Equality in the American context -- The roots of equal protection -- Equality and the Reconstruction congress -- From equal protection to suspect classification -- When equal is not the same -- The question of age -- The rights of the disabled -- Gay rights and the courts -- Toward a theory of constitutional equality -- Bibliography -- General index -- Index of cases.
=506  0\$aOpen Access$fUnrestricted online access$2star
=588  \\$aDescription based on print version record.
=650  \7$aEquality before the law.$2fast$0(OCoLC)fst00914477
=650  \7$aCivil rights.$2fast$0(OCoLC)fst00862627
=650  \6$aDroits de l'homme$zÉtats-Unis.
=650  \6$aÉgalite devant la loi.
=650  \0$aEquality before the law.
=650  \0$aCivil rights$zUnited States.
=650  \0$aEquality before the law$zUnited States.
=651  \7$aUnited States.$2fast$0(OCoLC)fst01204155
=655  \7$aElectronic books. $2local
=710  2\$aProject Muse.$edistributor
=830  \0$aBook collections on Project MUSE.
=856  40$zFull text available: $uhttps://muse.jhu.edu/book/58016/

