=LDR  04745cam a22007574a 4500
=001  musev2_58017
=003  MdBmJHUP
=005  20241011141745.0
=006  m\\\\\o\\d\\\\\\\\
=007  cr||||||||nn|n
=008  210106s1997\\\\nyu\\\\\o\\\\\\00\0\eng\d
=010  \\$z  2019725812
=020  \\$a9781501722783
=020  \\$z9781501722769
=020  \\$z9781501722776
=020  \\$z9780801432958
=035  \\$a(OCoLC)1057677513
=040  \\$aMdBmJHUP$cMdBmJHUP
=100  1\$aBakker, Egbert J.,$eauthor.
=245  10$aPoetry in Speech : $bOrality and Homeric Discourse / $cEgbert J. Bakker.
=264  \1$aIthaca :$bCornell University Press,$c1997.
=264  \3$aBaltimore, Md. :$bProject MUSE, $c2018
=264  \4$c©1997.
=300  \\$a1 online resource (256 pages): $billustrations.
=336  \\$atext$btxt$2rdacontent
=337  \\$acomputer$bc$2rdamedia
=338  \\$aonline resource$bcr$2rdacarrier
=490  0\$aMyth and poetics
=505  00$tForeword /$rGregory Nagy --$gpt. 1.$tPerspectives.$g1.$tThe Construction of Orality.$g2.$tThe Writing of Homer --$gpt. 2.$tSpeech.$g3.$tConsciousness and Cognition.$g4.$tThe Syntax of Movement.$g5.$tHomeric Framings --$gpt. 3.$tSpecial Speech.$g6.$tRhythm and Rhetoric.$g7.$tEpithets and Epic Epiphany.$g8.$tThe Grammar of Poetry.
=506  0\$aOpen Access$fUnrestricted online access$2star
=520  \\$aApplying linguistic theory to the study of Homeric style, Egbert J. Bakker offers a highly innovative approach to oral poetry, particularly the poetry of Homer. By situating formulas and other features of oral style within the wider contexts of spoken language and communication, he moves the study of oral poetry beyond the landmark work of Milman Parry and Albert Lord. One of the book's central features, related to the research of the linguist Wallace Chafe, is Bakker's conception of spoken discourse as a sequence of short speech units reflecting the flow of speech through the consciousness of the speaker. Bakker shows that such short speech units are present in Homeric poetry, with significant consequences for Homeric metrics and poetics. Considering Homeric discourse as a speech process rather than as the finished product associated with written discourse, Bakker's book offers a new perspective on Homer as well as on other archaic Greek texts. Here Homeric discourse appears as speech in its own right, and is freed, Bakker suggests, from the bias of modern writing style which too easily views Homeric discourse as archaic, implicitly taking the style of classical period texts as the norm. Bakker's perspective reaches beyond syntax and stylistics into the very heart of Homeric--and, ultimately, oral--poetics, altering the status of key features such as meter and formula, rethinking their relevance to the performance of Homeric poetry, and leading to surprising insights into the relation between "speech" and "text" in the encounter of the Homeric tradition with writing.
=588  \\$aDescription based on print version record.
=600  07$aHomer.$2fast$0(OCoLC)fst00029137
=600  06$aHomere$xTechnique.
=600  00$aHomer$xCriticism and interpretation.
=650  \7$aLiteratura grega clássica (crítica e interpretação)$2larpcal
=650  17$aDiscourse analysis.$2gtt
=650  17$aMondelinge literatuur.$2gtt
=650  17$aOdyssea (Homerus)$2gtt
=650  17$aIlias (Homerus)$2gtt
=650  \7$aSpeech in literature.$2fast$0(OCoLC)fst01129229
=650  \7$aPoetics.$2fast$0(OCoLC)fst01067682
=650  \7$aOral tradition.$2fast$0(OCoLC)fst01047117
=650  \7$aOral-formulaic analysis.$2fast$0(OCoLC)fst01047128
=650  \7$aEpic poetry, Greek.$2fast$0(OCoLC)fst00913902
=650  \7$aDiscourse analysis, Literary.$2fast$0(OCoLC)fst00894944
=650  \7$aLITERARY CRITICISM$xAncient & Classical.$2bisacsh
=650  \7$aliterary criticism.$2aat
=650  \6$aParole dans la litterature.
=650  \6$aTradition orale$zGrece.
=650  \6$aPoesie epique grecque$xHistoire et critique.
=650  \6$aAnalyse des formules orales.
=650  \6$aDiscours litteraire.
=650  \0$aSpeech in literature.
=650  \0$aOral tradition$zGreece.
=650  \0$aOral-formulaic analysis.
=650  \0$aDiscourse analysis, Literary.
=650  \0$aPoetics$xHistory$yTo 1500.
=650  \0$aEpic poetry, Greek$xHistory and criticism.
=651  \7$aGreece.$2fast$0(OCoLC)fst01208380
=655  \7$aHistory.$2fast$0(OCoLC)fst01411628
=655  \7$aCriticism, interpretation, etc.$2fast$0(OCoLC)fst01411635
=655  \7$aElectronic books. $2local
=710  2\$aProject Muse.$edistributor
=830  \0$aBook collections on Project MUSE.
=856  40$zFull text available: $uhttps://muse.jhu.edu/book/58017/

