=LDR  01789cam a22005054a 4500
=001  musev2_58019
=003  MdBmJHUP
=005  20241011141746.0
=006  m\\\\\o\\d\\\\\\\\
=007  cr||||||||nn|n
=008  880531s1988\\\\nyu\\\\\o\\\\\\00\0\eng\d
=010  \\$z  2019725874
=020  \\$a9781501722820
=020  \\$z9781501727795
=020  \\$z9780801421990
=020  \\$z9781501722813
=035  \\$a(OCoLC)1057688410
=040  \\$aMdBmJHUP$cMdBmJHUP
=100  1\$aCorngold, Stanley,$eauthor.
=245  10$aFranz Kafka : $bThe Necessity of Form / $cby Stanley Corngold.
=264  \1$aIthaca :$bCornell University Press,$c1988.
=264  \3$aBaltimore, Md. :$bProject MUSE, $c2018
=264  \4$c©1988.
=300  \\$a1 online resource (348 pages).
=336  \\$atext$btxt$2rdacontent
=337  \\$acomputer$bc$2rdamedia
=338  \\$aonline resource$bcr$2rdacarrier
=506  0\$aOpen Access$fUnrestricted online access$2star
=588  \\$aDescription based on print version record.
=600  17$aKafka, Franz,$d1883-1924.$2fast$0(OCoLC)fst00073986
=600  17$aKafka, Franz$d1883-1924$xBiografías$2embne
=600  16$aKafka, Franz,$d1883-1924.
=600  11$aKafka, Franz,$d1883-1924.
=600  10$aKafka, Franz,$d1883-1924.
=650  \7$aAuthors, Austrian.$2fast$0(OCoLC)fst00821814
=650  \6$aÉcrivains autrichiens$y20e siecle$vBiographies.
=650  \0$aAuthors, Austrian$y20th century$vBiography.
=655  \7$aBiographies.$2rvmgf
=655  \7$aBiographies.$2lcgft
=655  \7$aBiographies.$2fast$0(OCoLC)fst01919896
=655  \2$aBiography
=655  \7$aElectronic books. $2local
=710  2\$aProject Muse.$edistributor
=830  \0$aBook collections on Project MUSE.
=856  40$zFull text available: $uhttps://muse.jhu.edu/book/58019/

