=LDR  03680cam a22007934a 4500
=001  musev2_58020
=003  MdBmJHUP
=005  20241011141746.0
=006  m\\\\\o\\d\\\\\\\\
=007  cr||||||||nn|n
=008  950412s1995\\\\nyu\\\\\o\\\\\\00\0\eng\d
=010  \\$z  2019725862
=020  \\$a9781501722851
=020  \\$z9781501722837
=020  \\$z9781501722844
=020  \\$z9780801429668
=035  \\$a(OCoLC)1057688763
=040  \\$aMdBmJHUP$cMdBmJHUP
=100  1\$aDubrow, Heather,$d1945-$eauthor.
=245  10$aEchoes of Desire : $bEnglish Petrarchism and Its Counterdiscourses / $cHeather Dubrow.
=264  \1$aIthaca :$bCornell University Press,$c1995.
=264  \3$aBaltimore, Md. :$bProject MUSE, $c2018
=264  \4$c©1995.
=300  \\$a1 online resource (328 pages).
=336  \\$atext$btxt$2rdacontent
=337  \\$acomputer$bc$2rdamedia
=338  \\$aonline resource$bcr$2rdacarrier
=505  0\$a1. Introduction : love in the time of choler -- 2. Petrarchan problematics : tradition and the individual culture -- 3. Friendly fire : conflict and contravention within the sonnet tradition -- 4. Petrarchan executors : Sidney, Shakespeare, Wroth -- 5. Foreign currencies : John Collop and the 'ugly beauty' tradition -- 6. Resident alien : John Donne -- 7. Conclusion : criticism in the itme of choler.
=506  0\$aOpen Access$fUnrestricted online access$2star
=588  \\$aDescription based on print version record.
=650  17$aPetrarkisme.$2gtt
=650  17$aSonnetten.$2gtt
=650  17$aEngels.$2gtt
=650  \7$aLove poetry, English$2fast$0(OCoLC)fst01002858
=650  \7$aEnglish poetry$xEarly modern$2fast$0(OCoLC)fst01710963
=650  \7$aDesire in literature.$2fast$0(OCoLC)fst00891364
=650  \7$aEnglish literature$xItalian influences.$2fast$0(OCoLC)fst00912086
=650  \7$aInfluence (Literary, artistic, etc.)$2fast$0(OCoLC)fst00972484
=650  \7$aMan-woman relationships in literature.$2fast$0(OCoLC)fst01007097
=650  \7$aPetrarchism.$2fast$0(OCoLC)fst01059232
=650  \7$aPower (Social sciences) in literature.$2fast$0(OCoLC)fst01074235
=650  \7$aSex role in literature.$2fast$0(OCoLC)fst01114649
=650  \7$aSonnets, English.$2fast$0(OCoLC)fst01126634
=650  \6$aPetrarquisme.
=650  \6$aDesir dans la litterature.
=650  \6$aRôle selon le sexe dans la litterature.
=650  \6$aRelations entre hommes et femmes dans la litterature.
=650  \6$aPouvoir (Sciences sociales) dans la litterature.
=650  \6$aLitterature anglaise$xInfluence italienne.
=650  \6$aSonnets anglais$xHistoire et critique.
=650  \6$aPoesie d'amour anglaise$xHistoire et critique.
=650  \6$aPoesie anglaise$y16e siecle$xHistoire et critique.
=650  \0$aPetrarchism.
=650  \0$aDesire in literature.
=650  \0$aSex role in literature.
=650  \0$aMan-woman relationships in literature.
=650  \0$aPower (Social sciences) in literature.
=650  \0$aEnglish literature$xItalian influences.
=650  \0$aSonnets, English$xHistory and criticism.
=650  \0$aLove poetry, English$xHistory and criticism.
=650  \0$aEnglish poetry$yEarly modern, 1500-1700$xHistory and criticism.
=600  17$aPetrarca, Francesco,$d1304-1374.$2fast$0(OCoLC)fst00041151
=600  16$aPetrarque,$d1304-1374$xInfluence.
=600  10$aPetrarca, Francesco,$d1304-1374$xInfluence.
=655  \7$aCriticism, interpretation, etc.$2fast$0(OCoLC)fst01411635
=655  \7$aElectronic books. $2local
=710  2\$aProject Muse.$edistributor
=830  \0$aBook collections on Project MUSE.
=856  40$zFull text available: $uhttps://muse.jhu.edu/book/58020/

