=LDR  03732cam a22006014a 4500
=001  musev2_58021
=003  MdBmJHUP
=005  20241011141747.0
=006  m\\\\\o\\d\\\\\\\\
=007  cr||||||||nn|n
=008  141001s1996\\\\nyu\\\\\o\\\\\\00\0\eng\d
=020  \\$a9781501722875
=020  \\$z9780801432064
=020  \\$z9781501722868
=020  \\$z9781501727832
=035  \\$a(OCoLC)1057696840
=040  \\$aMdBmJHUP$cMdBmJHUP
=100  1\$aFlueckiger, Joyce Burkhalter.
=245  10$aGender and Genre in the Folklore of Middle India / $cJoyce Burkhalter Flueckiger.
=264  \1$aIthaca :$bCornell University Press,$c1996.
=264  \3$aBaltimore, Md. :$bProject MUSE, $c2018
=264  \4$c©1996.
=300  \\$a1 online resource (424 pages): $billustrations, maps
=336  \\$atext$btxt$2rdacontent
=337  \\$acomputer$bc$2rdamedia
=338  \\$aonline resource$bcr$2rdacarrier
=490  0\$aMyth and poetics
=505  0\$aForeword / by Gregory Nagy -- Introduction : region, repertoire, and genre -- Soaking the goddess, celebrating friendship : Bhojalī -- Brave daughters, bound kings : a female tradition of reversal : Ḍālkhāī -- Land of wealth, land of famine : the "Parrot dance" in ritual and narrative : Suā Nāc -- Joining verse to verse : professional storytelling and individual creativity : Kathānī Kūhā -- "This is our story" : a Chhattisgarhi epic : Candainī -- Paṇḍvānī heroines, Chhattisgarhi daughters : Paṇḍvānī -- Conclusion: shifting boundaries of genre and community -- The Song of Subanbali -- Kathānī Kūhā : of friendship, love, and memory -- Sample transcriptions of performance texts.
=506  0\$aOpen Access$fUnrestricted online access$2star
=588  \\$aDescription based on print version record.
=650  \7$aFestivals folkloriques$zInde.$2ram
=650  \7$aFemmes$zInde$zChattisagarh$xFolklore.$2ram
=650  \7$aFolklore$zInde$zChattisagarh (Inde)$2ram
=650  17$aVrouwen.$2gtt
=650  17$aVolkscultuur.$2gtt
=650  \7$aWomen.$2fast$0(OCoLC)fst01176568
=650  \7$aManners and customs.$2fast$0(OCoLC)fst01007815
=650  \7$aFolklore$xPerformance.$2fast$0(OCoLC)fst00930332
=650  \7$aFolklore.$2fast$0(OCoLC)fst00930306
=650  \6$aFolklore$xInterpretation.
=650  \6$aFolklore$zInde$zChhattīsgarh.
=650  \0$aFolklore$xPerformance.
=650  \0$aWomen$zIndia$zChhattīsgarh$vFolklore.
=650  \0$aFolklore$zIndia$zChhattīsgarh.
=651  \7$aChattisagarh (Inde)$xMoeurs et coutumes.$2ram
=651  \7$aIndia$zChhattīsgarh.$2fast$0(OCoLC)fst01228201
=651  \0$aChhattīsgarh (India)$xSocial life and customs.
=655  \7$aFolklore.$2fast$0(OCoLC)fst01423784
=655  \7$aElectronic books. $2local
=710  2\$aProject Muse.$edistributor
=830  \0$aBook collections on Project MUSE.
=880  0\$6505-00/(Q$aForeword / by Gregory Nagy. -- Introduction : region, repertoire, and genre. -- Soaking the goddess, celebrating friendship (Bhojali⁺ѕBrave daughters, bound kings: a female tradition of reversal (D⁺Đa⁺ѕlkha⁺ѕi⁺ѕLand of wealth, land of famine: the "Parrot dance" in ritual and narrative (Sua⁺ѕ Na⁺ѕc) -- Joining verse to verse: professional storytelling and individual creativity (Katha⁺ѕni⁺ѕ Ku⁺ѕha⁺ѕThis is our story": a Chhattisgarhi epic (Candaini⁺ѕPan⁺Đd⁺Đva⁺ѕni⁺ѕ heroines, Chhattisgarhi daughters (Pan⁺Đd⁺Đva⁺ѕni⁺ѕConclusion: Shifting boundaries of genre and community. -- The Song of Subanbali. -- Katha⁺ѕni⁺ѕ Ku⁺ѕha⁺ѕOf friendship, love, and memory. -- Sample transcriptions of performance texts
=856  40$zFull text available: $uhttps://muse.jhu.edu/book/58021/

