=LDR  02126cam a22004454a 4500
=001  musev2_58023
=003  MdBmJHUP
=005  20241011141747.0
=006  m\\\\\o\\d\\\\\\\\
=007  cr||||||||nn|n
=008  921014s1993\\\\nyu\\\\\o\\\\\\00\0\eng\d
=010  \\$z  2019725856
=020  \\$a9781501722929
=020  \\$z9780801427992
=020  \\$z9781501722912
=020  \\$z9781501727894
=035  \\$a(OCoLC)1057693991
=040  \\$aMdBmJHUP$cMdBmJHUP
=245  00$aJoyce : $bThe Return of the Repressed / $cedited by Susan Stanford Friedman.
=264  \1$aLondon :$bCornell University Press,$c[1993]
=264  \3$aBaltimore, Md. :$bProject MUSE, $c2018
=264  \4$c&copy;[1993]
=300  \\$a1 online resource (330 pages).
=336  \\$atext$btxt$2rdacontent
=337  \\$acomputer$bc$2rdamedia
=338  \\$aonline resource$bcr$2rdacarrier
=490  0\$aCornell paperbacks
=505  0\$a(Self)censorship and the making of Joyce's modernism / Susan Stanford Friedman -- Pharmaconomy / Alberto Moreiras -- Uncanny returns in "The dead" / Robert Spoo -- A portrait of the romantic poet as a young modernist / Jay Clayton -- Simon's Irish rose / Richard Pearce -- Races and chains / Laura Doyle -- Staging sexuality / Joseph A. Boone -- The preservation of tenderness / Marilyn L. Brownstein -- Textual mater / Ellen Carol Jones / Mothers of invention/doaters of inversion / Christine Froula.
=506  0\$aOpen Access$fUnrestricted online access$2star
=588  \\$aDescription based on print version record.
=600  17$aJoyce, James,$d1882-1941.$2fast$0(OCoLC)fst00035968
=600  16$aJoyce, James,$d1882-1941$xCritique et interpretation.
=600  11$aJoyce, James,$d1882-1941$xCriticism and interpretation.
=600  10$aJoyce, James,$d1882-1941$xCriticism and interpretation.
=655  \7$aCriticism, interpretation, etc.$2fast$0(OCoLC)fst01411635
=655  \7$aElectronic books. $2local
=700  1\$aFriedman, Susan Stanford,$eauthor.
=710  2\$aProject Muse.$edistributor
=830  \0$aBook collections on Project MUSE.
=856  40$zFull text available: $uhttps://muse.jhu.edu/book/58023/

