=LDR  04830cam a22006614a 4500
=001  musev2_58024
=003  MdBmJHUP
=005  20241011141748.0
=006  m\\\\\o\\d\\\\\\\\
=007  cr||||||||nn|n
=008  160423s1992\\\\nyu\\\\\o\\\\\\00\0\eng\d
=010  \\$z   91023284 
=020  \\$a9781501722943
=020  \\$z9781501719905
=020  \\$z9781501722936
=020  \\$z9780801425752
=035  \\$a(OCoLC)1057692848
=040  \\$aMdBmJHUP$cMdBmJHUP
=100  1\$aGikandi, Simon.
=245  10$aWriting in Limbo : $bModernism and Caribbean Literature / $cSimon Gikandi.
=264  \1$aIthaca, N.Y. :$bCornell University Press,$c1992.
=264  \3$aBaltimore, Md. :$bProject MUSE, $c2018
=264  \4$c©1992.
=300  \\$a1 online resource (276 pages).
=336  \\$atext$btxt$2rdacontent
=337  \\$acomputer$bc$2rdamedia
=338  \\$aonline resource$bcr$2rdacarrier
=505  0\$aCaribbean modernist discourse : writing, exile, and tradition -- From exile to nationalism : the early novels of George Lamming -- Beyond the Kala-pani : the Trinidad novels of Samuel Selvon -- Deformation of modernism : the allegory of history in Carpentier's El siglo de las luces -- Modernism and the masks of history : the novels of Paule Marshall -- Writing after colonialism : Crick crack, Monkey and Beka lamb -- Narration at the postcolonial moment : history and representation in Abeng.
=506  0\$aOpen Access$fUnrestricted online access$2star
=520  1\$a"In Simon Gikandi's view, Caribbean literature (and postcolonial literature more generally) negotiate an uneasy relationship with the concepts of modernism and modernity--a relationship in which the Caribbean writer, unable to escape a history encoded by Europe, accepts the challenge of rewriting it. On the one hand, Gikandi says, the Caribbean was central to Europe's conceptions of its own modernity, and Caribbean writers, in turn, borrowed European' modernist techniques to define their own decolonized identity. On the other hand, even though many texts from the Caribbean use narrative techniques and discursive practices that seem modern or postmodern, the ideology underlying their use is strongly revisionist. According to Gikandi, Caribbean literature simultaneously appropriates and subverts European notions of modernism and modernity." "Drawing on contemporary deconstructionist theory, Gikandi looks at how such Caribbean writers as George Lamming, Samuel Selvon, Alejo Carpentier, C.L.R. James, Paule Marshall, Merle Hodge, Zee Edgell, and Michelle Cliff have attempted to confront European modernism. Gikandi also calls into question the universal claims of European modernism and modernity by examining the unique sets of problems these concepts generate once they have been transferred to the "margins" of the modern world. Because modernity, Gikandi asserts, is a colonial legacy, the concept of modernism in the Caribbean is invariably linked to the cultures and ideologies of colonialism and nationalism." "Writing in Limbo reveals how postcolonial literature and theory compel us to revise the protocols that govern the reading of modern literature. It will be welcomed by scholars in the fields of literary theory, postcolonial literature, cultural studies, and Caribbean studies."--Jacket
=588  \\$aDescription based on print version record.
=600  17$aCarpentier, Alejo$d1904-1980$tEl siglo de las luces$2gnd
=600  16$aCarpentier, Alejo,$d1904-$tSiglo de las luces.
=600  10$aCarpentier, Alejo,$d1904-1980.$tSiglo de las luces.
=650  \7$aLiteratur$2gnd
=650  \7$aEnglisch$2gnd
=650  \7$aWest Indian fiction (English)$2fast$0(OCoLC)fst01173927
=650  \7$aModernism (Literature)$2fast$0(OCoLC)fst01024455
=650  \7$aCaribbean fiction (English)$2fast$0(OCoLC)fst00847461
=650  \6$aModernisme (Litterature)$zAntilles.
=650  \6$aModernisme (Litterature)$zCaraïbes (Region)
=650  \6$aRoman antillais (anglais)$xHistoire et critique.
=650  \0$aModernism (Literature)$zWest Indies.
=650  \0$aModernism (Literature)$zCaribbean Area.
=650  \0$aWest Indian fiction (English)$xHistory and criticism.
=650  \0$aCaribbean fiction (English)$xHistory and criticism.
=630  07$aSiglo de las luces (Carpentier, Alejo)$2fast$0(OCoLC)fst01361503
=651  \7$aEnglisch.$2swd
=651  \7$aWestindien$2gnd
=651  \7$aKaribik$2gnd
=651  \7$aEngland$2gnd
=651  \7$aWest Indies.$2fast$0(OCoLC)fst01243265
=651  \7$aCaribbean Area.$2fast$0(OCoLC)fst01244080
=655  \7$aCriticism, interpretation, etc.$2fast$0(OCoLC)fst01411635
=655  \7$aElectronic books. $2local
=710  2\$aProject Muse.$edistributor
=830  \0$aBook collections on Project MUSE.
=856  40$zFull text available: $uhttps://muse.jhu.edu/book/58024/

