=LDR  03322cam a22005294a 4500
=001  musev2_58025
=003  MdBmJHUP
=005  20241011141749.0
=006  m\\\\\o\\d\\\\\\\\
=007  cr||||||||nn|n
=008  840613s1984\\\\nyu\\\\\o\\\\\\00\0\eng\d
=010  \\$z   84045141 
=020  \\$a9781501722981
=020  \\$z9781501727931
=020  \\$z9781501722974
=020  \\$z9780801417429
=035  \\$a(OCoLC)1057676723
=040  \\$aMdBmJHUP$cMdBmJHUP
=100  1\$aHayles, N. Katherine,$d1943-
=245  14$aThe Cosmic Web : $bScientific Field Models and Literary Strategies in the Twentieth Century / $cN. Katherine Hayles.
=264  \1$aIthaca :$bCornell University Press,$c1984.
=264  \3$aBaltimore, Md. :$bProject MUSE, $c2018
=264  \4$c&copy;1984.
=300  \\$a1 online resource (210 pages).
=336  \\$atext$btxt$2rdacontent
=337  \\$acomputer$bc$2rdamedia
=338  \\$aonline resource$bcr$2rdacarrier
=505  0\$aIntroduction -- pt. I. Mathematical and scientific model -- ch. 1. Spinning the web : representative field theories and their implications -- pt. II. Literary strategies -- ch. 2. Drawn to the web : the quality of rhetoric in Pirsig's Zen and the art of motorcycle maintenance -- ch. 3. Evasion : the field of the unconscious in D.H. Lawrence -- ch. 4. Ambivalence : symmetry, asymmetry, and the physics of time reversal in Nabokov's Ada -- ch. 5. Subversion : infinite series and transfinite numbers in Borges's fictions -- ch. 6. Caught in the web : cosmology and the point of (no) return in Pynchon's Gravity's rainbow -- References Cited -- Index.
=506  0\$aOpen Access$fUnrestricted online access$2star
=520  \\$aFrom the central concept of the field--which depicts the world as a mutually interactive whole, with each part connected to every other part by an underlying field-- have come models as diverse as quantum mathematics and Saussure's theory of language. In The Cosmic Web, N. Katherine Hayles seeks to establish the scope of the field concept and to assess its importance for contemporary thought. She then explores the literary strategies that are attributable directly or indirectly to the new paradigm; among the texts at which she looks closely are Robert Pirsig's Zen and the Art of Motorcycle Maintenance, Nabokov's Ada, D.H. Lawrence's early novels and essays, Borges's fiction, and Thomas Pynchon's Gravity's Rainbow.
=588  \\$aDescription based on print version record.
=650  \7$aScience$xPhilosophy$xHistory$y20th century.$2nli
=650  \7$aLiterature, Modern$y20th century$xHistory and criticism.$2nli
=650  17$aVeldentheorie.$2gtt
=650  17$aWetenschap.$2gtt
=650  17$aLetterkunde.$2gtt
=650  \7$aLiterature, Modern.$2fast$0(OCoLC)fst01000172
=650  \7$aLiterature and science.$2fast$0(OCoLC)fst01000093
=650  \6$aLitterature et sciences.
=650  \6$aLitterature$y20e siecle$xHistoire et critique.
=650  \0$aLiterature and science.
=650  \0$aLiterature, Modern$y20th century$xHistory and criticism.
=655  \7$aCriticism, interpretation, etc.$2fast$0(OCoLC)fst01411635
=655  \7$aElectronic books. $2local
=710  2\$aProject Muse.$edistributor
=830  \0$aBook collections on Project MUSE.
=856  40$zFull text available: $uhttps://muse.jhu.edu/book/58025/

