=LDR  01997cam a22005174a 4500
=001  musev2_58026
=003  MdBmJHUP
=005  20241011141749.0
=006  m\\\\\o\\d\\\\\\\\
=007  cr||||||||nn|n
=008  840927s1985\\\\nyu\\\\\o\\\\\\00\0\eng\d
=010  \\$z  2019724669
=020  \\$a9781501723018
=020  \\$z9781501723001
=020  \\$z9781501722998
=020  \\$z9780801417238
=035  \\$a(OCoLC)1057684907
=040  \\$aMdBmJHUP$cMdBmJHUP
=100  1\$aHerzog, Don,$d1956-
=245  10$aWithout Foundations : $bJustification in Political Theory / $cDon Herzog.
=264  \1$aIthaca :$bCornell University Press,$c1985.
=264  \3$aBaltimore, Md. :$bProject MUSE, $c2018
=264  \4$c&copy;1985.
=300  \\$a1 online resource (258 pages).
=336  \\$atext$btxt$2rdacontent
=337  \\$acomputer$bc$2rdamedia
=338  \\$aonline resource$bcr$2rdacarrier
=505  0\$aWithout Foundations; Contents; Preface; Introduction; ONE / Hobbes's Prescriptive Arguments; TWO / Locke's Divine Politics; THREE / Against Utilitarianism; FOUR / Theory in Context: Hume and Smith; Conclusion; Bibliography of Works Cited; Index
=506  0\$aOpen Access$fUnrestricted online access$2star
=588  \\$aDescription based on print version record.
=650  \7$aJustification (Theory of knowledge)$2nli
=650  \7$aPolitical science$xHistory.$2nli
=650  \7$aPolitische Theorie$2gnd
=650  \7$aPolitical science$2fast
=650  \7$aJustification (Theory of knowledge)$2fast
=650  \7$apolitical science.$2aat
=650  \6$aJustification (Theorie de la connaissance)
=650  \6$aScience politique.
=650  \0$aPolitical science.
=650  \0$aJustification (Theory of knowledge)
=650  \0$aPolitical science$xHistory.
=655  \7$aHistory$2fast
=655  \7$aElectronic books. $2local
=710  2\$aProject Muse.$edistributor
=830  \0$aBook collections on Project MUSE.
=856  40$zFull text available: $uhttps://muse.jhu.edu/book/58026/

