=LDR  03145cam a22006974a 4500
=001  musev2_58028
=003  MdBmJHUP
=005  20241011141750.0
=006  m\\\\\o\\d\\\\\\\\
=007  cr||||||||nn|n
=008  100810s1988\\\\nyu\\\\\o\\\\\\00\0\eng\d
=020  \\$a9781501723056
=020  \\$z9781501723049
=020  \\$z9780801421341
=020  \\$z9781501727993
=035  \\$a(OCoLC)1057677514
=040  \\$aMdBmJHUP$cMdBmJHUP
=100  1\$aLake, David A.,$d1956-
=245  10$aPower, Protection, and Free Trade : $bInternational Sources of U.S. Commercial Strategy, 1887-1939 / $cDavid A. Lake.
=264  \1$aIthaca, N.Y. :$bCornell University Press,$c1988.
=264  \3$aBaltimore, Md. :$bProject MUSE, $c2018
=264  \4$c©1988.
=300  \\$a1 online resource (264 pages): $billustrations
=336  \\$atext$btxt$2rdacontent
=337  \\$acomputer$bc$2rdamedia
=338  \\$aonline resource$bcr$2rdacarrier
=490  0\$aCornell studies in political economy
=505  0\$aIntroduction -- Part I. Structure and strategy -- A theory of international economic structures -- Structure, the state, and trade strategy -- Part II. American trade strategy -- Free riding on free trade, 1887-1897 -- British decline and American opportunism, 1897-1912 -- The politics of opportunistic accommodation, 1912-1930 -- Protection, retaliation, and response, 1930-1939 -- Conclusion -- Appendix : relative labor productivity : definitional and operational considerations.
=506  0\$aOpen Access$fUnrestricted online access$2star
=588  \\$aDescription based on print version record.
=651  \7$aUSA.$2swd
=651  \7$aEtats-Unis$xPolitique commerciale$xHistoire.$2ram
=651  \7$aUnited States.$2fast$0(OCoLC)fst01204155
=651  \6$aÉtats-Unis$xPolitique commerciale$xHistoire.
=651  \0$aUnited States$xCommercial policy$xHistory.
=650  \7$aLibre echange et protectionnisme.$2ram
=650  \7$aRelations economiques internationales.$2ram
=650  17$aTheorieën.$2gtt
=650  17$aHandelspolitiek.$2gtt
=650  \7$aHandelspolitik$2gnd
=650  \7$aAussenhandelspolitik$2gnd
=650  \7$aProtectionism.$2fast$0(OCoLC)fst01079619
=650  \7$aInternational economic relations.$2fast$0(OCoLC)fst00976891
=650  \7$aFree trade.$2fast$0(OCoLC)fst00933944
=650  \7$aCommercial policy.$2fast$0(OCoLC)fst00869569
=650  \6$aProtectionnisme$zÉtats-Unis$xHistoire.
=650  \6$aLibre-echange$zÉtats-Unis$xHistoire.
=650  \6$aLibre-echange$xHistoire.
=650  \6$aProtectionnisme$xHistoire.
=650  \6$aRelations economiques internationales.
=650  \0$aFree trade$xHistory.
=650  \0$aProtectionism$xHistory.
=650  \0$aProtectionism$zUnited States$xHistory.
=650  \0$aFree trade$zUnited States$xHistory.
=650  \0$aInternational economic relations.
=655  \7$aHistory.$2fast$0(OCoLC)fst01411628
=655  \0$aElectronic book.
=655  \7$aElectronic books. $2local
=710  2\$aProject Muse.$edistributor
=830  \0$aBook collections on Project MUSE.
=856  40$zFull text available: $uhttps://muse.jhu.edu/book/58028/

