=LDR  01565cam a22004094a 4500
=001  musev2_58030
=003  MdBmJHUP
=005  20241011141751.0
=006  m\\\\\o\\d\\\\\\\\
=007  cr||||||||nn|n
=008  201109s2018\\\\xx\\\\\\o\\\\\\00\0\eng\d
=020  \\$a9781501723094
=020  \\$z9781501723087
=020  \\$z9780801423772
=020  \\$z9781501728013
=035  \\$a(OCoLC)1057688719
=040  \\$aMdBmJHUP$cMdBmJHUP
=082  0\$a823.009/9287$qOCoLC$220/eng/20230216
=100  1\$aSusan Sniader Lanser.
=245  10$aFictions of Authority : $bWomen Writers and Narrative Voice
=264  \1$bCornell University Press$c2018.
=264  \3$aBaltimore, Md. :$bProject MUSE, $c2018
=264  \4$c&copy;2018.
=300  \\$a1 online resource (304 pages).
=336  \\$atext$btxt$2rdacontent
=337  \\$acomputer$bc$2rdamedia
=338  \\$aonline resource$bcr$2rdacarrier
=506  0\$aOpen Access$fUnrestricted online access$2star
=588  \\$aDescription based on print version record.
=655  \7$aElectronic books. $2local
=758  \\$ihas work:$aFictions of authority (Text)$1https://id.oclc.org/worldcat/entity/E39PCFWhxQ63t7g6q3QkmFPD9C$4https://id.oclc.org/worldcat/ontology/hasWork
=773  0\$tDe Gruyter Open Books$dDe Gruyter
=773  0\$tBooks at JSTOR: Open Access$dJSTOR
=773  0\$tProject MUSE - Cornell University Press Open Access Books Collection$dProject MUSE
=710  2\$aProject Muse.$edistributor
=830  \0$aBook collections on Project MUSE.
=856  40$zFull text available: $uhttps://muse.jhu.edu/book/58030/

