=LDR  03387cam a22005774a 4500
=001  musev2_58032
=003  MdBmJHUP
=005  20241011141752.0
=006  m\\\\\o\\d\\\\\\\\
=007  cr||||||||nn|n
=008  100311s1990\\\\nyu\\\\\o\\\\\\00\0\eng\d
=020  \\$a9781501723155
=020  \\$z9780801420450
=020  \\$z9781501728082
=020  \\$z9781501723148
=035  \\$a(OCoLC)1057696841
=040  \\$aMdBmJHUP$cMdBmJHUP
=100  1\$aRajan, Tilottama.
=245  14$aThe Supplement of Reading : $bFigures of Understanding in Romantic Theory and Practice / $cTilottama Rajan.
=264  \1$aIthaca, N.Y. :$bCornell University Press,$c1990.
=264  \3$aBaltimore, Md. :$bProject MUSE, $c2018
=264  \4$c&copy;1990.
=300  \\$a1 online resource (376 pages).
=336  \\$atext$btxt$2rdacontent
=337  \\$acomputer$bc$2rdamedia
=338  \\$aonline resource$bcr$2rdacarrier
=505  0\$aIntroduction -- Part I -- The supplement of reading -- The hermeneutic tradition from Schleiermacher to Kierkegaard -- Kierkegaard and Schleiermacher revisited : the revisionary tradition in romantic hermeneutics -- Part II -- A. Reading, culture, history -- The (un)persuaded reader : Coleridge's conversation with hermeneutics -- The eye/I of the other : self and audience in Wordsworth's lyrical ballads -- Wollstonecraft and Godwin : reading the secrets of the political novel -- B. Canon and heresy : Blake's intertextuality -- Untying Blake's secular scripture -- Early texts : "the eye altering alters all" -- (Infinite) absolute negativity : the brief epics -- C. Deconstruction at the science of its reading -- "World within world" : the theoretical voices of Shelley's defence of poetry -- Deconstruction or reconstruction : reading Shelley's Prometheus unbound -- The broken mirror : the identity of the text in Shelley's triumph of life -- Afterword.
=506  0\$aOpen Access$fUnrestricted online access$2star
=588  \\$aDescription based on print version record.
=650  \7$aRomanticism.$2fast$0(OCoLC)fst01100133
=650  \7$aReader-response criticism.$2fast$0(OCoLC)fst01090552
=650  \7$aEnglish literature$xTheory, etc.$2fast$0(OCoLC)fst01930851
=650  \7$aEnglish literature.$2fast$0(OCoLC)fst00911989
=650  \6$aEsthetique de la reception.
=650  \6$aRomantisme$zGrande-Bretagne.
=650  \6$aLitterature anglaise$y18e siecle$xHistoire et critique.
=650  \6$aLitterature anglaise$y19e siecle$xHistoire et critique.
=650  \6$aLitterature anglaise$y18e siecle$xHistoire et critique$xTheorie, etc.
=650  \6$aLitterature anglaise$y19e siecle$xHistoire et critique$xTheorie, etc.
=650  \0$aReader-response criticism.
=650  \0$aRomanticism$zGreat Britain.
=650  \0$aEnglish literature$y18th century$xHistory and criticism.
=650  \0$aEnglish literature$y19th century$xHistory and criticism.
=650  \0$aEnglish literature$y18th century$xHistory and criticism$xTheory, etc.
=650  \0$aEnglish literature$y19th century$xHistory and criticism$xTheory, etc.
=651  \7$aGreat Britain.$2fast$0(OCoLC)fst01204623
=655  \7$aCriticism, interpretation, etc.$2fast$0(OCoLC)fst01411635
=655  \7$aElectronic books. $2local
=710  2\$aProject Muse.$edistributor
=830  \0$aBook collections on Project MUSE.
=856  40$zFull text available: $uhttps://muse.jhu.edu/book/58032/

