=LDR  03896cam a22009614a 4500
=001  musev2_58036
=003  MdBmJHUP
=005  20241011141752.0
=006  m\\\\\o\\d\\\\\\\\
=007  cr||||||||nn|n
=008  880322s1988\\\\nyu\\\\\o\\\\\\00\0\eng\d
=010  \\$z   88047742 
=020  \\$a9781501723254
=020  \\$z9780801421891
=020  \\$z9781501728105
=020  \\$z9781501723247
=035  \\$a(OCoLC)1057676724
=040  \\$aMdBmJHUP$cMdBmJHUP
=100  1\$aRose, Mary Beth.
=245  14$aThe Expense of Spirit : $bLove and Sexuality in English Renaissance Drama / $cMary Beth Rose.
=264  \1$aIthaca :$bCornell University Press,$c1988.
=264  \3$aBaltimore, Md. :$bProject MUSE, $c2018
=264  \4$c©1988.
=300  \\$a1 online resource (272 pages).
=336  \\$atext$btxt$2rdacontent
=337  \\$acomputer$bc$2rdamedia
=338  \\$aonline resource$bcr$2rdacarrier
=506  0\$aOpen Access$fUnrestricted online access$2star
=588  \\$aDescription based on print version record.
=650  07$aGeschichte (1580-1640)$2swd
=650  07$aGeschichte 1500-1600.$2swd
=650  07$aGeschichte (1580-1625)$2swd
=650  \7$aSex in literature.$2nli
=650  \7$aRenaissance$zGreat Britain.$2nli
=650  \7$aWomen$zGreat Britain$xHistory.$2nli
=650  \7$aWomen and literature$zGreat Britain$xHistory.$2nli
=650  \7$aEnglish drama$y17th century$xHistory and criticism.$2nli
=650  \7$aLove in literature.$2nli
=650  \7$aEnglish drama$yEarly modern and Elizabethan, 1500-1600$xHistory and criticism.$2nli
=650  \7$aLiebe$2gnd
=650  \7$aSexualität$2gnd
=650  \7$aLiebe$gMotiv$2gnd
=650  \7$aErotik$gMotiv$2gnd
=650  \7$aDrama$2gnd
=650  \7$aWomen and literature.$2fast$0(OCoLC)fst01177093
=650  \7$aWomen.$2fast$0(OCoLC)fst01176568
=650  \7$aSex in literature.$2fast$0(OCoLC)fst01114464
=650  \7$aRenaissance.$2fast$0(OCoLC)fst01094518
=650  \7$aLove in literature.$2fast$0(OCoLC)fst01002808
=650  \7$aLiterary form.$2fast$0(OCoLC)fst00999924
=650  \7$aEnglish drama$xEarly modern and Elizabethan.$2fast$0(OCoLC)fst01710950
=650  \7$aEnglish drama.$2fast$0(OCoLC)fst00910737
=650  \6$aSexualite dans la litterature.
=650  \6$aRenaissance$zAngleterre.
=650  \6$aFemmes$zAngleterre$xHistoire.
=650  \6$aGenres litteraires$xHistoire$y16e siecle.
=650  \6$aGenres litteraires$xHistoire$y17e siecle.
=650  \6$aFemmes et litterature$zAngleterre$xHistoire$y16e siecle.
=650  \6$aFemmes et litterature$zAngleterre$xHistoire$y17e siecle.
=650  \6$aTheâtre anglais$y17e siecle$xHistoire et critique.
=650  \6$aAmour dans la litterature.
=650  \6$aTheâtre anglais$y16e siecle$xHistoire et critique.
=650  \1$aEnglish drama$y17th century$xHistory and criticism.
=650  \0$aSex in literature.
=650  \0$aRenaissance$zEngland.
=650  \0$aWomen$zEngland$xHistory.
=650  \0$aLiterary form$xHistory$y16th century.
=650  \0$aLiterary form$xHistory$y17th century.
=650  \0$aWomen and literature$zEngland$xHistory$y16th century.
=650  \0$aWomen and literature$zEngland$xHistory$y17th century.
=650  \0$aEnglish drama$y17th century$xHistory and criticism.
=650  \0$aLove in literature.
=650  \0$aEnglish drama$yEarly modern and Elizabethan, 1500-1600$xHistory and criticism.
=651  \7$aEnglisch.$2swd
=651  \7$aEngland.$2fast$0(OCoLC)fst01219920
=600  17$aLiebe, ...$2gnd
=600  17$aEnglisch, ...$2gnd
=655  \7$aHistory.$2fast$0(OCoLC)fst01411628
=655  \7$aCriticism, interpretation, etc.$2fast$0(OCoLC)fst01411635
=655  \7$aElectronic books. $2local
=710  2\$aProject Muse.$edistributor
=830  \0$aBook collections on Project MUSE.
=856  40$zFull text available: $uhttps://muse.jhu.edu/book/58036/

