=LDR  03098cam a22006734a 4500
=001  musev2_58038
=003  MdBmJHUP
=005  20241011141753.0
=006  m\\\\\o\\d\\\\\\\\
=007  cr||||||||nn|n
=008  890405s1989\\\\nyu\\\\\o\\\\\\00\0\eng\d
=010  \\$z  2019725857
=020  \\$a9781501723315
=020  \\$z9780801422904
=020  \\$z9781501723292
=020  \\$z9781501723308
=035  \\$a(OCoLC)1057689782
=040  \\$aMdBmJHUP$cMdBmJHUP
=100  1\$aSpackman, Barbara,$d1952-$eauthor.
=245  10$aDecadent Genealogies : $bThe Rhetoric of Sickness from Baudelaire to D'Annunzio / $cBarbara Spackman.
=264  \1$aLondon :$bCornell University Press,$c[1989]
=264  \3$aBaltimore, Md. :$bProject MUSE, $c2018
=264  \4$c&copy;[1989]
=300  \\$a1 online resource (232 pages).
=336  \\$atext$btxt$2rdacontent
=337  \\$acomputer$bc$2rdamedia
=338  \\$aonline resource$bcr$2rdacarrier
=505  0\$aPreface / Barbara Spackman -- The island of normalcy -- The scene of convalescence -The shadow of Lombroso -- Pandora's box -- Afterword alibis.
=506  0\$aOpen Access$fUnrestricted online access$2star
=520  \\$aBarbara Spackman here examines the ways in which decadent writers adopted the language of physiological illness and alteration as a figure for psychic otherness. By means of an ideological and rhetorical analysis of scientific as well as literary texts, she shows how the rhetoric of sickness provided the male decadent writer with an alibi for the occupation and appropriation of the female body.
=546  \\$aIn English.
=588  \\$aDescription based on print version record.
=650  17$aGeestelijke crises.$2gtt
=650  17$aDecadentie.$2gtt
=650  17$aLetterkunde.$2gtt
=650  \7$aMental illness in literature.$2fast$0(OCoLC)fst01016615
=650  \7$aLiterature$xPsychology.$2fast$0(OCoLC)fst01000008
=650  \7$aLiterature, Modern.$2fast$0(OCoLC)fst01000172
=650  \7$aDecadence (Literary movement)$2fast$0(OCoLC)fst00888894
=650  \7$aDecadence in literature.$2fast$0(OCoLC)fst00888898
=650  \7$aBIOGRAPHY & AUTOBIOGRAPHY$xLiterary.$2bisacsh
=650  \6$aLitterature$xPsychologie.
=650  \6$aLitterature$xAspect psychologique.
=650  \6$aLitterature$y20e siecle$xHistoire et critique.
=650  \6$aLitterature$y19e siecle$xHistoire et critique.
=650  \6$aMaladies mentales dans la litterature.
=650  \6$aDecadence dans la litterature.
=650  \6$aDecadentisme.
=650  \0$aLiterature$xPsychology.
=650  \0$aLiterature, Modern$y20th century$xHistory and criticism.
=650  \0$aLiterature, Modern$y19th century$xHistory and criticism.
=650  \0$aMental illness in literature.
=650  \0$aDecadence in literature.
=650  \0$aDecadence (Literary movement)
=655  \7$aCriticism, interpretation, etc.$2fast$0(OCoLC)fst01411635
=655  \7$aElectronic books. $2local
=710  2\$aProject Muse.$edistributor
=830  \0$aBook collections on Project MUSE.
=856  40$zFull text available: $uhttps://muse.jhu.edu/book/58038/

