=LDR  03437cam a22005534a 4500
=001  musev2_58039
=003  MdBmJHUP
=005  20241011141753.0
=006  m\\\\\o\\d\\\\\\\\
=007  cr||||||||nn|n
=008  880929s1989\\\\nyu\\\\\o\\\\\\00\0\eng\d
=010  \\$z  2021701607
=020  \\$a9781501723339
=020  \\$z9780801421136
=020  \\$z9781501728129
=020  \\$z9781501723322
=035  \\$a(OCoLC)1057677515
=040  \\$aMdBmJHUP$cMdBmJHUP
=245  00$aHistory and Power in the Study of Law : $bNew Directions in Legal Anthropology / $cedited by June Starr and Jane F. Collier.
=264  \1$aIthaca :$bCornell University Press,$c1989.
=264  \3$aBaltimore, Md. :$bProject MUSE, $c2018
=264  \4$c&copy;1989.
=300  \\$a1 online resource (352 pages).
=336  \\$atext$btxt$2rdacontent
=337  \\$acomputer$bc$2rdamedia
=338  \\$aonline resource$bcr$2rdacarrier
=490  0\$aAnthropology of contemporary issues
=500  \\$aIncludes bibliographies and index.
=505  00$gpt. 1.$tResisting and consolidating state-level legal systems:$tThe symbolic vocabulary of public executions /$rAnton Blok --$tLaw and social change in nineteenth-century Norway /$rVilhelm Aubert --$tA redistributive model for analyzing government mediation and law in family, community, and industry in a New England industrial city /$rJune Nash --$tConstitution-making in Islamic Iran: the impact of theocracy on the legal order of a nation-state /$rSaid Amir Arjomand --$gpt. 2.$tExporting and extending legal orders:$tLaw and the colonial state in India /$rBernard S. Cohn --$tContours of change: agrarian law in colonial Uganda, 1895-1962 /$rJoan Vincent --$tThinking about "interests": legislative process in the European community /$rFrancis G. Snyder --$gpt. 3.$tReceiving and rejecting national legal processes:$tThe impact of second republic labor reforms in Spain /$rGeorge A. Collier --$tEntrepreneurs and the law: self-employed Surinamese in Amsterdam /$rJeremy Boissevain and Hanneke Grotenbreg --$tInterpreting American litigiousness /$rCarol J. Greenhouse --$gpt. 4.$tConstructing and shaping law:$tHistory and the redefinition of custom on Kilimanjaro /$rSally Falk Moore --$tIslamic "case law" and the logic of consequence /$rLawrence Rosen --$tThe crown, the colonists, and the course of Zapotec village law /$rLaura Nader --$tThe "invention" of early legal ideas: Sir Henry Maine and the perpetual tutelage of women /$rJune Starr.
=506  0\$aOpen Access$fUnrestricted online access$2star
=588  \\$aDescription based on print version record.
=650  17$aRechtsantropologie.$2gtt
=650  17$aCulturele antropologie.$2gtt
=650  17$aRecht.$2gtt
=650  \7$aLaw and anthropology.$2fast$0(OCoLC)fst00993892
=650  \7$aLaw.$2fast$0(OCoLC)fst00993678
=650  \6$aDroit et anthropologie$vCongres.
=650  \6$aDroit$xHistoire$vCongres.
=650  \6$aDroit et anthropologie$xCongres.
=650  \0$aLaw and anthropology$xCongresses.
=650  \0$aLaw$xHistory$xCongresses.
=655  \7$aHistory.$2fast$0(OCoLC)fst01411628
=655  \7$aConference papers and proceedings.$2fast$0(OCoLC)fst01423772
=655  \7$aElectronic books. $2local
=700  1\$aCollier, Jane Fishburne.
=700  1\$aStarr, June.
=710  2\$aProject Muse.$edistributor
=830  \0$aBook collections on Project MUSE.
=856  40$zFull text available: $uhttps://muse.jhu.edu/book/58039/

