=LDR  03283cam a22006854a 4500
=001  musev2_58040
=003  MdBmJHUP
=005  20241011141754.0
=006  m\\\\\o\\d\\\\\\\\
=007  cr||||||||nn|n
=008  920130t19931993nyu\\\\\o\\\\\\00\0\eng\d
=010  \\$z  2019725882
=020  \\$a9781501726040
=020  \\$z9781501728020
=020  \\$z9780801422553
=020  \\$z9781501726033
=035  \\$a(OCoLC)1057676868
=040  \\$aMdBmJHUP$cMdBmJHUP
=245  00$aCreativity/Anthropology / $cedited by Smadar Lavie, Kirin Narayan, and Renato Rosaldo.
=264  \1$aLondon :$bCornell University Press,$c1993.
=264  \3$aBaltimore, Md. :$bProject MUSE, $c2018
=264  \4$c©1993.
=300  \\$a1 online resource (368 pages).
=336  \\$atext$btxt$2rdacontent
=337  \\$acomputer$bc$2rdamedia
=338  \\$aonline resource$bcr$2rdacarrier
=490  0\$aAnthropology of contemporary issues
=505  0\$aCeferino Suarez / J.W. Fernandez -- On nose cutters, gurus, and storytellers / K. Narayan -- The creative individual in the world of the!Kung San / M. Shostak -- At home, no womens are storytellers / B.A. Babcock -- "Riding the horse of gaps" / A.L. Tsing -- The absence of others, the presence of texts / D. Handelman -- "The one who writes us" / S. Lavie -- The return of the Mexican ballad / J.E. Limon -- Pilgrimage to Meron / B. Myerhoff -- Bar Yohai, mystic / E. Turner -- Ilongot visiting / R. Rosaldo -- Performance and the cultural construction of reality / E.L. Schieffelin -- Ritual, violence, and creativity / R. Schechner -- Epilogue: Creative persona and the problem of authenticity / E.M. Bruner.
=506  0\$aOpen Access$fUnrestricted online access$2star
=588  \\$aDescription based on print version record.
=650  \7$aCreativite$xÉtudes transculturelles.$2ram
=650  \7$aSymbolisme$xÉtudes transculturelles.$2ram
=650  \7$aEthnologie$xPhilosophie.$2ram
=650  17$aSymbolisme.$2gtt
=650  17$aCreativiteit.$2gtt
=650  17$aCulturele antropologie.$2gtt
=650  \7$aSymbolism.$2fast$0(OCoLC)fst01140749
=650  \7$aEthnology$xPhilosophy.$2fast$0(OCoLC)fst00916143
=650  \7$aCreative ability.$2fast$0(OCoLC)fst00882417
=650  \6$aCreativite$xÉtudes transculturelles.
=650  \6$aEthnologie$xPhilosophie.
=650  \6$aSymbolisme$vÉtudes transculturelles.
=650  \6$aCreativite$vÉtudes transculturelles.
=650  \0$aSymbolism$vCross-cultural studies.
=650  \0$aCreative ability$vCross-cultural studies.
=650  \0$aEthnology$xPhilosophy.
=650  \0$aSymbolism$xCross-cultural studies.
=650  \0$aCreative ability$xCross-cultural studies.
=600  17$aTurner, Victor Witter,$d(1920- )$2ram
=600  17$aTurner, Victor W.$q(Victor Witter),$d1920-1983.$2fast$0(OCoLC)fst01800116
=600  16$aTurner, Victor Witter.
=600  10$aTurner, Victor W.$q(Victor Witter),$d1920-1983.
=655  \7$aCross-cultural studies.$2fast$0(OCoLC)fst01423769
=655  \7$aElectronic books. $2local
=700  1\$aRosaldo, Renato.
=700  1\$aNarayan, Kirin.
=700  1\$aLavie, Smadar.
=710  2\$aProject Muse.$edistributor
=830  \0$aBook collections on Project MUSE.
=856  40$zFull text available: $uhttps://muse.jhu.edu/book/58040/

