=LDR  02324cam a22005294a 4500
=001  musev2_58043
=003  MdBmJHUP
=005  20241011141755.0
=006  m\\\\\o\\d\\\\\\\\
=007  cr||||||||nn|n
=008  880425s1988\\\\nyu\\\\\o\\\\\\00\0\eng\d
=010  \\$z  2019725853
=020  \\$a9781501726309
=020  \\$z9780801421464
=020  \\$z9781501726293
=020  \\$z9781501727849
=035  \\$a(OCoLC)1057696842
=040  \\$aMdBmJHUP$cMdBmJHUP
=100  1\$aForrest, John,$d1951-$eauthor.
=245  10$aLord I'm Coming Home : $bEveryday Aesthetics in Tidewater North Carolina / $cJohn Forrest ; with illustrations by Deborah Blincoe.
=264  \1$aLondon :$bCornell University Press,$c1988.
=264  \3$aBaltimore, Md. :$bProject MUSE, $c2018
=264  \4$c©1988.
=300  \\$a1 online resource (276 pages).
=336  \\$atext$btxt$2rdacontent
=337  \\$acomputer$bc$2rdamedia
=338  \\$aonline resource$bcr$2rdacarrier
=490  0\$aAnthropology of contemporary issues
=505  0\$a1. The fishing day -- 2. The aesthetic realm -- 3. The field site -- 4. Aesthetics at home -- 5. Aesthetics at work -- 6. Aesthetics of the church -- 7. Aesthetics of leisure -- 8. Synthesis -- Appendix A: Outlines of selected sermons -- Appendix B: Tale of Wallace Tyler, Version #2.
=506  0\$aOpen Access$fUnrestricted online access$2star
=588  \\$aDescription based on print version record.
=650  \7$aEsthetique$xAspect social$zÉtats-Unis$zCaroline du Nord.$2ram
=650  \7$aManners and customs.$2fast$0(OCoLC)fst01007815
=650  \7$aEthnology.$2fast$0(OCoLC)fst00916106
=650  \7$aAesthetics$xSocial aspects.$2fast$0(OCoLC)fst00798723
=650  \6$aEthnologie$zCaroline du Nord.
=650  \0$aAesthetics$xSocial aspects$zNorth Carolina.
=650  \0$aEthnology$zNorth Carolina.
=651  \7$aCaroline du Nord (États-Unis)$xMoeurs et coutumes.$2ram
=651  \7$aNorth Carolina.$2fast$0(OCoLC)fst01204304
=651  \6$aCaroline du Nord$xMoeurs et coutumes.
=651  \0$aNorth Carolina$xSocial life and customs.
=655  \7$aElectronic books. $2local
=700  1\$aBlincoe, Deborah,$eillustrator.
=710  2\$aProject Muse.$edistributor
=830  \0$aBook collections on Project MUSE.
=856  40$zFull text available: $uhttps://muse.jhu.edu/book/58043/

