=LDR  03709cam a22008054a 4500
=001  musev2_58044
=003  MdBmJHUP
=005  20241011141755.0
=006  m\\\\\o\\d\\\\\\\\
=007  cr||||||||nn|n
=008  100404s1989\\\\nyu\\\\\o\\\\\\00\0\eng\d
=020  \\$a9781501726323
=020  \\$z9781501727955
=020  \\$z9780801421648
=020  \\$z9781501726316
=035  \\$a(OCoLC)1057670358
=040  \\$aMdBmJHUP$cMdBmJHUP
=100  1\$aHite, Molly,$d1947-
=245  14$aThe Other Side of the Story : $bStructures and Strategies of Contemporary Feminist Narratives / $cMolly Hite.
=264  \1$aIthaca :$bCornell University Press,$c1989.
=264  \3$aBaltimore, Md. :$bProject MUSE, $c2018
=264  \4$c©1989.
=300  \\$a1 online resource (186 pages).
=336  \\$atext$btxt$2rdacontent
=337  \\$acomputer$bc$2rdamedia
=338  \\$aonline resource$bcr$2rdacarrier
=505  0\$aWriting in the margins: Jean Rhys -- The future in a different shape: broken form and possibility in The golden notebook -- Romance, marginality, matrilineage: The color purple -- Other side, other woman: Lady oracle.
=506  0\$aOpen Access$fUnrestricted online access$2star
=588  \\$aDescription based on print version record.
=600  17$aRhys, Jean.$2fast$0(OCoLC)fst00049676
=600  16$aAtwood, Margaret,$d1939-$tLady oracle.
=600  16$aWalker, Alice,$d1944-$tColor purple.
=600  16$aLessing, Doris May,$d1919-$tGolden notebook.
=600  16$aRhys, Jean$xTechnique.
=600  10$aRhys, Jean$xTechnique.
=600  10$aWalker, Alice,$d1944-$tColor purple.
=600  10$aLessing, Doris,$d1919-2013.$tGolden notebooks.
=600  10$aAtwood, Margaret,$d1939-$tLady Oracle.
=650  17$aAmerikaans.$2gtt
=650  17$aVrouwelijke auteurs.$2gtt
=650  \7$aWomen and literature.$2fast$0(OCoLC)fst01177093
=650  \7$aTechnique.$2fast$0(OCoLC)fst01355129
=650  \7$aNarration (Rhetoric)$2fast$0(OCoLC)fst01032927
=650  \7$aFeminist fiction, English.$2fast$0(OCoLC)fst00922773
=650  \7$aFeminism and literature.$2fast$0(OCoLC)fst00922735
=650  \7$aEnglish fiction$xWomen authors.$2fast$0(OCoLC)fst00910866
=650  \7$aEnglish fiction.$2fast$0(OCoLC)fst00910817
=650  \7$aEnglish literature$xWomen authors.$2fast$0(OCoLC)fst00912218
=650  \6$aFemmes et litterature$zAnglophonie$xHistoire$y20e siecle.
=650  \6$aÉcrits de femmes anglais$xHistoire et critique.
=650  \6$aFeminisme et litterature$xHistoire$y20e siecle.
=650  \6$aRoman anglais$y20e siecle$xHistoire et critique.
=650  \6$aNarration.
=650  \0$aEnglish literature$xWomen authors$xHistory and criticism.
=650  \0$aFeminism and literature$xHistory$y20th century.
=650  \0$aNarration (Rhetoric)
=650  \0$aWomen and literature$zEnglish-speaking countries$xHistory$y20th century.
=650  \0$aFeminism and literature$zEnglish-speaking countries$xHistory$y20th century.
=650  \0$aFeminist fiction, English$xHistory and criticism.
=650  \0$aEnglish fiction$y20th century$xHistory and criticism.
=650  \0$aEnglish fiction$xWomen authors$xHistory and criticism.
=630  07$aLady Oracle (Atwood, Margaret)$2fast$0(OCoLC)fst01716109
=630  07$aColor purple (Walker, Alice)$2fast$0(OCoLC)fst01371469
=651  \7$aEnglish-speaking countries.$2fast$0(OCoLC)fst01261775
=655  \7$aHistory.$2fast$0(OCoLC)fst01411628
=655  \7$aCriticism, interpretation, etc.$2fast$0(OCoLC)fst01411635
=655  \7$aElectronic books. $2local
=710  2\$aProject Muse.$edistributor
=830  \0$aBook collections on Project MUSE.
=856  40$zFull text available: $uhttps://muse.jhu.edu/book/58044/

