=LDR  03667cam a22007814a 4500
=001  musev2_58045
=003  MdBmJHUP
=005  20241011141756.0
=006  m\\\\\o\\d\\\\\\\\
=007  cr||||||||nn|n
=008  881117s1989\\\\nyu\\\\\o\\\\\\00\0\eng\d
=010  \\$z   88043236 
=020  \\$a9781501723117
=020  \\$z9781501728044
=020  \\$z9780801420917
=020  \\$z9781501723100
=035  \\$a(OCoLC)1057633853
=040  \\$aMdBmJHUP$cMdBmJHUP
=100  1\$aLionnet, Françoise.
=245  10$aAutobiographical Voices : $bRace, Gender, Self-Portraiture / $cFrançoise Lionnet.
=264  \1$aIthaca :$bCornell University Press,$c1989.
=264  \3$aBaltimore, Md. :$bProject MUSE, $c2018
=264  \4$c©1989.
=300  \\$a1 online resource (280 pages).
=336  \\$atext$btxt$2rdacontent
=337  \\$acomputer$bc$2rdamedia
=338  \\$aonline resource$bcr$2rdacarrier
=490  0\$aReading women writing
=505  0\$aIntroduction: The politics and aesthetics of Metissage -- Augustine's Confessions : poetics of harmony, or the ideal reader in the text -- Silence and circularity in Ecce homo : "Und so erzähle ich mir mein Leben" -- Autoethnography : the an-archic style of Dust tracks on a road -- Con artists and storytellers : Maya Angelou's problematic sense of audience -- Happiness deferred : Maryse Conde's Heremakhonon and the failure of enunciation -- Privileged difference and the possibility of emancipation : The words to say it and A l'autre bout de moi -- Anamnesis and Utopia : self-portrait of the web maker in A l'autre bout de moi.
=506  0\$aOpen Access$fUnrestricted online access$2star
=588  \\$aDescription based on print version record.
=650  17$aVrouwelijke auteurs.$2gtt
=650  17$aAutobiografieën.$2gtt
=650  \7$aWomen$xBiography.$2fast$0(OCoLC)fst01176592
=650  \7$aWomen and literature.$2fast$0(OCoLC)fst01177093
=650  \7$aSelf in literature.$2fast$0(OCoLC)fst01111462
=650  \7$aLiterature, Modern.$2fast$0(OCoLC)fst01000172
=650  \7$aBiography as a literary form.$2fast$0(OCoLC)fst00832172
=650  \7$aAutobiography$xWomen authors.$2fast$0(OCoLC)fst00822617
=650  \7$aAutobiography.$2fast$0(OCoLC)fst00822597
=650  \7$a17.86 literary genres, theory of genre.$0(NL-LeOCL)07759925X$2bcl
=650  \7$aautobiography (genre)$2aat
=650  \7$abiographies (literary works)$2aat
=650  \6$aFemmes et litterature.
=650  \6$aÉcrits de femmes autobiographiques.
=650  \6$aMoi (Psychologie) dans la litterature.
=650  \6$aÉcrits de femmes autobiographiques$xHistoire et critique.
=650  \6$aFemmes$xBiographies$xHistoire et critique.
=650  \6$aAutobiographie.
=650  \6$aBiographie (Genre litteraire)
=650  \6$aLitterature$xHistoire et critique.
=650  \4$aLiteratura moderna$xHistoria y crítica
=650  \4$aMujeres$xBiografía$xHistoria y crítica
=650  \2$aAutobiographies as Topic
=650  \2$aBiographies as Topic
=650  \0$aAutobiography$xWomen authors$xHistory and criticism.
=650  \0$aAutobiography.
=650  \0$aWomen and literature.
=650  \0$aBiography as a literary form.
=650  \0$aSelf in literature.
=650  \0$aLiterature, Modern$xHistory and criticism.
=650  \0$aWomen$xBiography$xHistory and criticism.
=650  \0$aAutobiography$xWomen authors.
=655  \7$aCriticism, interpretation, etc.$2fast$0(OCoLC)fst01411635
=655  \7$aElectronic books. $2local
=710  2\$aProject Muse.$edistributor
=830  \0$aBook collections on Project MUSE.
=856  40$zFull text available: $uhttps://muse.jhu.edu/book/58045/

