=LDR  01151cam a22003494a 4500
=001  musev2_58063
=003  MdBmJHUP
=005  20241011141809.0
=006  m\\\\\o\\d\\\\\\\\
=007  cr||||||||nn|n
=008  220902s2018\\\\xx\\\\\\o\\\\\\00\0\eng\d
=020  \\$a9781501726194
=020  \\$z9781501726187
=020  \\$z9780801417092
=020  \\$z9781501727764
=035  \\$a(OCoLC)1057696120
=040  \\$aMdBmJHUP$cMdBmJHUP
=100  0\$aNina Baym.
=245  10$aNovels, Readers, and Reviewers : $bResponses to Fiction in Antebellum America
=264  \1$bCornell University Press,$c2018
=264  \3$aBaltimore, Md. :$bProject MUSE, $c2018
=264  \4$c&copy;2018
=300  \\$a1 online resource (288 pages).
=336  \\$atext$btxt$2rdacontent
=337  \\$acomputer$bc$2rdamedia
=338  \\$aonline resource$bcr$2rdacarrier
=506  0\$aOpen Access$fUnrestricted online access$2star
=588  \\$aDescription based on print version record.
=655  \7$aElectronic books. $2local
=710  2\$aProject Muse.$edistributor
=830  \0$aBook collections on Project MUSE.
=856  40$zFull text available: $uhttps://muse.jhu.edu/book/58063/

