=LDR  04439cam a22006014a 4500
=001  musev2_58298
=003  MdBmJHUP
=005  20241011142103.0
=006  m\\\\\o\\d\\\\\\\\
=007  cr||||||||nn|n
=008  100519s1994\\\\nyu\\\\\o\\\\\\00\0\eng\d
=020  \\$a9781501726989
=020  \\$z9780801429262
=020  \\$z9781501726972
=020  \\$z9781501726965
=035  \\$a(OCoLC)1057670359
=040  \\$aMdBmJHUP$cMdBmJHUP
=100  1\$aHagberg, Garry,$d1952-
=245  10$aMeaning and Interpretation : $bWittgenstein, Henry James, and Literary Knowledge / $cG.L. Hagberg.
=264  \1$aIthaca :$bCornell University Press,$c1994.
=264  \3$aBaltimore, Md. :$bProject MUSE, $c2018
=264  \4$c&copy;1994.
=300  \\$a1 online resource (198 pages).
=336  \\$atext$btxt$2rdacontent
=337  \\$acomputer$bc$2rdamedia
=338  \\$aonline resource$bcr$2rdacarrier
=505  0\$aIntroduction -- Forms of life and artistic practices -- Circumstances of significance -- Aspects of interpretation -- Interpretation and philosophical method.
=506  0\$aOpen Access$fUnrestricted online access$2star
=520  \\$aThis book examined Wittgenstein's account of the importance of particularized usage and of context in determining the meaning of word or work of art. Adopting a Wittgensteinian method in close readings of the short fiction of Henry James, the author revealed how literary interpretation itself may be practiced as a form of philosophical investigation.
=520  \\$a"What is the meaning of a word?" In this thought-provoking book, G.L. Hagberg demonstrates how this question - which initiated Wittgenstein's later work in the philosophy of language - is significant for our understanding not only of linguistic meaning but of the meaning of works of art and literature as well. Adopting a Wittgensteinian method in close readings of the short fiction of Henry James, Hagberg reveals how literary interpretation itself may be practiced as a form of philosophical investigation. Hagberg first considers in detail Wittgenstein's views on meaning, particularly such notoriously difficult central concepts as the "language-game" and the "form of life." He uncovers in Wittgenstein's philosophy the interrelations between linguistic and artistic "microcosms," between verbal and stylistic coherence, between linguistic and artistic limits to what may be expressed, and between general meaning and aesthetic significance. Fundamentally, Hagberg examines Wittgenstein's account of the importance of particularized usage and of context in determining the meaning of word or work of art. In his interpretation of James's short fiction, Hagberg rethinks such problems as the widely assumed but misleading distinction between interpretive perception and description. In addition, he draws striking parallels between the complex processes of coming to understand a person and of coming to understand a work of art. Throughout, Hagberg demonstrates a heightened sensitivity to the powerful influence on aesthetic thinking of formulations of questions that are too often accepted as given
=588  \\$aDescription based on print version record.
=600  17$aWittgenstein, Ludwig,$d1889-1951.$2fast$0(OCoLC)fst00032844
=600  17$aJames, Henry,$d1843-1916.$2fast$0(OCoLC)fst00028686
=600  11$aJames, Henry,$d1843-1916$xCriticism and interpretation.
=600  11$aWittgenstein, Ludwig,$d1889-1951.
=600  10$aWittgenstein, Ludwig,$d1889-1951.
=600  10$aJames, Henry,$d1843-1916$xCriticism and interpretation.
=650  17$aLetterkunde.$2gtt
=650  17$aBetekenis.$2gtt
=650  17$aInterpretatie.$2gtt
=650  \7$aMeaning (Philosophy) in literature.$2fast$0(OCoLC)fst01013156
=650  \7$aKnowledge, Theory of, in literature.$2fast$0(OCoLC)fst00988217
=650  \6$aSignification (Philosophie) dans la litterature.
=650  \6$aTheorie de la connaissance dans la litterature.
=650  \6$aRoman$xHistoire et critique$xTheorie, etc.
=650  \0$aMeaning (Philosophy) in literature.
=650  \0$aKnowledge, Theory of, in literature.
=650  \0$aFiction$xHistory and criticism$xTheory, etc.
=655  \7$aCriticism, interpretation, etc.$2fast$0(OCoLC)fst01411635
=655  \7$aElectronic books. $2local
=710  2\$aProject Muse.$edistributor
=830  \0$aBook collections on Project MUSE.
=856  40$zFull text available: $uhttps://muse.jhu.edu/book/58298/

