=LDR  04011cam a22007694a 4500
=001  musev2_58452
=003  MdBmJHUP
=005  20241011142244.0
=006  m\\\\\o\\d\\\\\\\\
=007  cr||||||||nn|n
=008  100311s1991\\\\nyu\\\\\o\\\\\\00\0\eng\d
=020  \\$a9781501722707
=020  \\$z9781501727740
=020  \\$z9781501722691
=020  \\$z9780801426537
=035  \\$a(OCoLC)1057676722
=040  \\$aMdBmJHUP$cMdBmJHUP
=100  1\$aApter, Emily S.,$d1954-
=245  10$aFeminizing the Fetish : $bPsychoanalysis and Narrative Obsession in Turn-of-the Century France / $cEmily Apter.
=264  \1$aIthaca :$bCornell University Press,$c1991.
=264  \3$aBaltimore, Md. :$bProject MUSE, $c2018
=264  \4$c©1991.
=300  \\$a1 online resource (294 pages).
=336  \\$atext$btxt$2rdacontent
=337  \\$acomputer$bc$2rdamedia
=338  \\$aonline resource$bcr$2rdacarrier
=505  0\$aFetishism in theory: Marx, Freud, Baudrillard -- The epistemology of perversion: from pathology to pathography -- Cabinet secrets: peep shows, prostitution, and bric-a-bracomania in the fin-de-siecle interior -- Unmasking the masquerade: fetishism and femininity from the Goncourt Brothers to Joan Riviere -- Splitting hairs: female fetishism and postpartum sentimentality in Maupassant's fiction -- Mystical pathography: a case of maso-fetishism in the Goncourts' Madame Gervaisais -- Hysterical vision: the scopophilic garden from Monet to Mirbeau -- Master narratives/servant texts: representing the maid from Flaubert to Freud -- Stigma indelebile: Zola, Gide, and the deviant detail.
=506  0\$aOpen Access$fUnrestricted online access$2star
=520  \\$aEmily Apter offers a fresh account of the complex relationship between representation and sexual obsession in turn-of-the-century French culture, and in particular the theme of ""female fetishism"" in the context of the feminine culture of mourning, collecting, and dressing
=588  \\$aDescription based on print version record.
=650  17$aPsychoanalytische interpretatie.$2gtt
=650  17$aFetisjisme.$2gtt
=650  17$aFrans.$2gtt
=650  17$aLetterkunde.$2gtt
=650  \7$aWomen in literature.$2fast$0(OCoLC)fst01177912
=650  \7$aPsychoanalysis and literature.$2fast$0(OCoLC)fst01081273
=650  \7$aObsessive-compulsive disorder in literature.$2fast$0(OCoLC)fst01042969
=650  \7$aNarration (Rhetoric)$2fast$0(OCoLC)fst01032927
=650  \7$aFrench fiction.$2fast$0(OCoLC)fst00934302
=650  \7$aFetishism in literature.$2fast$0(OCoLC)fst00923422
=650  \7$aFemininity in literature.$2fast$0(OCoLC)fst00922666
=650  \7$aLITERARY CRITICISM$xSubjects & Themes$xWomen.$2bisacsh
=650  \7$aLITERARY CRITICISM$xEuropean$xFrench.$2bisacsh
=650  \6$aPsychanalyse et litterature$zFrance.
=650  \6$aFetichisme dans la litterature.
=650  \6$aFeminite dans la litterature.
=650  \6$aNevroses obsessionnelles dans la litterature.
=650  \6$aFemmes dans la litterature.
=650  \6$aNarration.
=650  \6$aPsychanalyse et litterature.
=650  \6$aRoman français$y20e siecle$xHistoire et critique.
=650  \6$aRoman français$y19e siecle$xHistoire et critique.
=650  \0$aPsychoanalysis and literature.
=650  \0$aWomen in literature.
=650  \0$aNarration (Rhetoric)
=650  \0$aFetishism in literature.
=650  \0$aPsychoanalysis and literature$zFrance.
=650  \0$aFemininity in literature.
=650  \0$aObsessive-compulsive disorder in literature.
=650  \0$aFrench fiction$y20th century$xHistory and criticism.
=650  \0$aFrench fiction$y19th century$xHistory and criticism.
=651  \7$aFrance.$2fast$0(OCoLC)fst01204289
=655  \7$aCriticism, interpretation, etc.$2fast$0(OCoLC)fst01411635
=655  \7$aElectronic books. $2local
=710  2\$aProject Muse.$edistributor
=830  \0$aBook collections on Project MUSE.
=856  40$zFull text available: $uhttps://muse.jhu.edu/book/58452/

