=LDR  02593cam a22006494a 4500
=001  musev2_58453
=003  MdBmJHUP
=005  20241011142245.0
=006  m\\\\\o\\d\\\\\\\\
=007  cr||||||||nn|n
=008  910717s1992\\\\nyu\\\\\o\\\\\\00\0\eng\d
=010  \\$z   91028120 
=020  \\$a9781501722806
=020  \\$z9781501722790
=020  \\$z9780801426285
=020  \\$z9781501727771
=035  \\$a(OCoLC)1057676670
=040  \\$aMdBmJHUP$cMdBmJHUP
=100  1\$aBooth, Alison.
=245  10$aGreatness Engendered : $bGeorge Eliot and Virginia Woolf / $cAlison Booth.
=264  \1$aIthaca, N.Y. :$bCornell University Press,$c1992.
=264  \3$aBaltimore, Md. :$bProject MUSE, $c2018
=264  \4$c&copy;1992.
=300  \\$a1 online resource (336 pages).
=336  \\$atext$btxt$2rdacontent
=337  \\$acomputer$bc$2rdamedia
=338  \\$aonline resource$bcr$2rdacarrier
=490  0\$aReading women writing
=506  0\$aOpen Access$fUnrestricted online access$2star
=588  \\$aDescription based on print version record.
=600  17$aWoolf, Virginia.$2swd
=600  17$aEliot, George.$2swd
=600  17$aWoolf, Virginia,$d1882-1941$xCriticism and interpretation.$2nli
=600  17$aEliot, George,$d1819-1880$xCriticism and interpretation.$2nli
=600  17$aWoolf, Virginia$d1882-1941$2gnd
=600  17$aEliot, George$d1819-1880$2gnd
=600  17$aWoolf, Virginia,$d1882-1941.$2fast$0(OCoLC)fst00033879
=600  17$aEliot, George,$d1819-1880.$2fast$0(OCoLC)fst00034497
=600  14$aWoolf, Virginia,$d1882-1941.
=600  14$aEliot, George,$d1819-1880.
=600  10$aWoolf, Virginia,$d1882-1941$xCriticism and interpretation.
=600  10$aEliot, George,$d1819-1880$xCriticism and interpretation.
=650  \7$aWomen and literature$zGreat Britain$xHistory.$2nli
=650  \7$aEnglish fiction$xWomen authors$xHistory and criticism.$2nli
=650  17$aReputatie.$2gtt
=650  17$aVrouwen.$2gtt
=650  \7$aWomen and literature.$2fast$0(OCoLC)fst01177093
=650  \7$aEnglish fiction$xWomen authors.$2fast$0(OCoLC)fst00910866
=650  \6$aFemmes et litterature$zGrande-Bretagne.
=650  \0$aWomen and literature$zGreat Britain.
=650  \0$aEnglish fiction$xWomen authors$xHistory and criticism.
=651  \7$aGreat Britain.$2fast$0(OCoLC)fst01204623
=655  \7$aCriticism, interpretation, etc.$2fast$0(OCoLC)fst01411635
=655  \7$aElectronic books. $2local
=710  2\$aProject Muse.$edistributor
=830  \0$aBook collections on Project MUSE.
=856  40$zFull text available: $uhttps://muse.jhu.edu/book/58453/

