=LDR  03275cam a22006134a 4500
=001  musev2_58454
=003  MdBmJHUP
=005  20241011142245.0
=006  m\\\\\o\\d\\\\\\\\
=007  cr||||||||nn|n
=008  100321s1986\\\\nyu\\\\\o\\\\\\00\0\eng\d
=020  \\$a9781501722905
=020  \\$z9781501722882
=020  \\$z9780801418778
=020  \\$z9781501722899
=035  \\$a(OCoLC)1057670300
=040  \\$aMdBmJHUP$cMdBmJHUP
=100  1\$aFoley, Barbara,$d1948-
=245  10$aTelling the Truth : $bThe Theory and Practice of Documentary Fiction / $cBarbara Foley.
=264  \1$aIthaca :$bCornell University Press,$c1986.
=264  \3$aBaltimore, Md. :$bProject MUSE, $c2018
=264  \4$c&copy;1986.
=300  \\$a1 online resource (280 pages).
=336  \\$atext$btxt$2rdacontent
=337  \\$acomputer$bc$2rdamedia
=338  \\$aonline resource$bcr$2rdacarrier
=505  00$tFrontmatter --$tContents --$tPreface --$tPART I: THEORY --$tPART II: PRACTICE --$tConclusion --$tIndex
=506  0\$aOpen Access$fUnrestricted online access$2star
=520  \\$aBarbara Foley here focuses on the relatively neglected genre of documentary fiction: novels that are continually near the borderline between factual and fictive discourse. She links the development of the genre over three centuries to the evolution of capitalism, but her analyses of literary texts depart significantly from those of most current Marxist critics. Foley maintains that Marxist theory has yet to produce a satisfactory theory of mimesis or of the development of genres, and she addresses such key issues as the problem of reference and the nature of generic distinctions. Among the authors whom Foley treats are Defoe, Scott, George Eliot, Joyce, Isherwood, Dos Passos, William Wells Brown, Ishmael Reed, and Ernest Gaines.
=588  \\$aDescription based on print version record.
=650  17$aDocumentaire literatuur.$2gtt
=650  \7$aReportage literature, American.$2fast$0(OCoLC)fst01094875
=650  \7$aNonfiction novel.$2fast$0(OCoLC)fst01038735
=650  \7$aMarxist criticism.$2fast$0(OCoLC)fst01010966
=650  \7$aHistorical fiction, American.$2fast$0(OCoLC)fst00957990
=650  \7$aAmerican fiction.$2fast$0(OCoLC)fst00807048
=650  \6$aRoman documentaire$xHistoire et critique.
=650  \6$aLitterature de reportage americaine$xHistoire et critique.
=650  \6$aRoman historique americain$y20e siecle$xHistoire et critique.
=650  \6$aRoman americain$y20e siecle$xHistoire et critique.
=650  \6$aCritique marxiste.
=650  \6$aRoman documentaire.
=650  \0$aHistorical fiction, American$y20th century$xHistory and criticism.
=650  \0$aNonfiction novel.
=650  \0$aMarxist criticism.
=650  \0$aNonfiction novel$xHistory and criticism.
=650  \0$aHistorical fiction, American$xHistory and criticism.
=650  \0$aReportage literature, American$xHistory and criticism.
=650  \0$aAmerican fiction$y20th century$xHistory and criticism.
=655  \7$aCriticism, interpretation, etc.$2fast$0(OCoLC)fst01411635
=655  \7$aElectronic books. $2local
=710  2\$aProject Muse.$edistributor
=830  \0$aBook collections on Project MUSE.
=856  40$zFull text available: $uhttps://muse.jhu.edu/book/58454/

