=LDR  03558cam a22007334a 4500
=001  musev2_58455
=003  MdBmJHUP
=005  20241011142246.0
=006  m\\\\\o\\d\\\\\\\\
=007  cr||||||||nn|n
=008  900212s1990\\\\nyu\\\\\o\\\\\\00\0\eng\d
=010  \\$z  2021701606
=020  \\$a9781501723070
=020  \\$z9781501723063
=020  \\$z9781501728006
=020  \\$z9780801424212
=035  \\$a(OCoLC)1057676671
=040  \\$aMdBmJHUP$cMdBmJHUP
=100  1\$aLangbauer, Laurie.
=245  10$aWomen and Romance : $bThe Consolations of Gender in the English Novel / $cLaurie Langbauer.
=264  \1$aIthaca, N.Y. :$bCornell University Press,$c1990.
=264  \3$aBaltimore, Md. :$bProject MUSE, $c2018
=264  \4$c©1990.
=300  \\$a1 online resource (288 pages).
=336  \\$atext$btxt$2rdacontent
=337  \\$acomputer$bc$2rdamedia
=338  \\$aonline resource$bcr$2rdacarrier
=490  0\$aReading women writing
=505  0\$aForeword / Shari Benstock and Celeste Schenck -- Acknowledgments / Laurie Langbauer -- Introduction -- The romance of history, or Ontogeny recapitulates phylogeny, sometimes -- Diverting romance : Charlotte Lennox's The female Quixote -- An early romance : the ideology of the body in Mary Wollstonecraft's writing -- Streetwalkers and homebodies : Dickens's romantic women -- Recycling patriarchy's garbage : George Eliot's pessimism and the problem of a site for feminism -- Conclusion.
=506  0\$aOpen Access$fUnrestricted online access$2star
=588  \\$aDescription based on print version record.
=650  \7$aWomen in literature.$2fast$0(OCoLC)fst01177912
=650  \7$aWomen and literature.$2fast$0(OCoLC)fst01177093
=650  \7$aSex role in literature.$2fast$0(OCoLC)fst01114649
=650  \7$aRomanticism.$2fast$0(OCoLC)fst01100133
=650  \7$aEnglish fiction$xWomen authors.$2fast$0(OCoLC)fst00910866
=650  \7$aCharacters and characteristics.$2fast$0(OCoLC)fst00852293
=650  \6$aFemmes dans la litterature.
=650  \6$aRôle selon le sexe dans la litterature.
=650  \6$aRomantisme$zGrande-Bretagne.
=650  \6$aFemmes et litterature$zGrande-Bretagne$xHistoire.
=650  \6$aÉcrits de femmes anglais$xHistoire et critique.
=650  \0$aRomanticism$zGreat Britain.
=650  \0$aEnglish literature$xWomen authors$xHistory and criticism.
=650  \0$aWomen in literature.
=650  \0$aSex role in literature.
=650  \0$aRomanticism$xGreat Britain.
=650  \0$aWomen and literature$zGreat Britain$xHistory.
=650  \0$aEnglish fiction$xWomen authors$xHistory and criticism.
=600  17$aDickens, Charles,$d1812-1870.$2fast$0(OCoLC)fst00028294
=600  16$aDickens, Charles,$d1812-1870$xPersonnages$xFemmes.
=600  16$aEliot, George,$d1819-1880$xCritique et interpretation.
=600  16$aWollstonecraft, Mary,$d1759-1797$xCritique et interpretation.
=600  16$aLennox, Charlotte,$d1729-1804$xCritique et interpretation.
=600  16$aLennox, Charlotte,$d1729-1804.$tFemale Quixote.
=600  16$aMeredith, George,$d1828-1909$xCritique et interpretation.
=600  10$aDickens, Charles,$d1812-1870$xCharacters$xWomen.
=651  \7$aGreat Britain.$2fast$0(OCoLC)fst01204623
=655  \7$aHistory.$2fast$0(OCoLC)fst01411628
=655  \7$aCriticism, interpretation, etc.$2fast$0(OCoLC)fst01411635
=655  \7$aElectronic books. $2local
=710  2\$aProject Muse.$edistributor
=830  \0$aBook collections on Project MUSE.
=856  40$zFull text available: $uhttps://muse.jhu.edu/book/58455/

