=LDR  03441cam a22006734a 4500
=001  musev2_58456
=003  MdBmJHUP
=005  20241011142246.0
=006  m\\\\\o\\d\\\\\\\\
=007  cr||||||||nn|n
=008  910130t19911991nyu\\\\\o\\\\\\00\0\eng\d
=010  \\$z  2019724698
=020  \\$a9781501723131
=020  \\$z9781501728051
=020  \\$z9780801425790
=020  \\$z9781501723124
=035  \\$a(OCoLC)1057688764
=040  \\$aMdBmJHUP$cMdBmJHUP
=100  1\$aLowe, Lisa,$eauthor.
=245  10$aCritical Terrains : $bFrench and British Orientalisms / $cLisa Lowe.
=264  \1$aLondon :$bCornell University Press,$c1991.
=264  \3$aBaltimore, Md. :$bProject MUSE, $c2018
=264  \4$c©1991.
=300  \\$a1 online resource (240 pages).
=336  \\$atext$btxt$2rdacontent
=337  \\$acomputer$bc$2rdamedia
=338  \\$aonline resource$bcr$2rdacarrier
=505  0\$aDiscourse and heterogeneity : situating orientalism -- Travel narratives and orientalism : Montagu and Montesquieu -- Orient as woman, orientalism as sentimentalism: Flaubert -- Orientalism as literary criticism : the reception of E.M. Forster's Passage to India -- The desires of postcolonial orientalism : Chinese utopias of Kristeva, Barthes, and Tel quel -- Conclusion : orientalism interrupted.
=506  0\$aOpen Access$fUnrestricted online access$2star
=520  \\$aExamining and historicizing the concept of "otherness" in both literature and criticism, Lisa Lowe explores representations of non-European cultures in British and French writings from the eighteenth through the twentieth century. Lowe traces the intersections of culture, class, and sexuality in Lady Mary Wortley Montagu's Turkish Embassy Letters and Montesquieu's Lettres persanes and discusses tropes of orientalism, racialism, and romanticism in Flaubert. She then turns to debates in Anglo-American and Indian criticism on Forster's Passage to India and on the utopian projection of China in the poststructuralist theories of Julia Kristeva and Roland Barthes and in the journal Tel Quel
=588  \\$aDescription based on print version record.
=650  17$aEngels.$2gtt
=650  17$aFrans.$2gtt
=650  17$aOriëntalisme.$2gtt
=650  \7$aOrientalism.$2fast$0(OCoLC)fst01048139
=650  \7$aLiterature.$2fast$0(OCoLC)fst00999953
=650  \7$aFrench.$2fast$0(OCoLC)fst00934209
=650  \7$aExoticism in literature.$2fast$0(OCoLC)fst01896050
=650  \7$aEnglish literature$xAsian influences.$2fast$0(OCoLC)fst00911998
=650  \7$aBritish.$2fast$0(OCoLC)fst00839044
=650  \7$aOrientalism.$2aat
=650  \6$aBritanniques$zOrient$xHistoire.
=650  \6$aFrançais$zOrient$xHistoire.
=650  \6$aOrientalisme.
=650  \6$aLitterature française$xInfluence asiatique.
=650  \0$aExoticism in literature.
=650  \0$aBritish$zOrient$xHistory.
=650  \0$aFrench$zOrient$xHistory.
=650  \0$aOrientalism.
=650  \0$aEnglish literature$xAsian influences.
=650  \0$aFrench literature$xAsian influences.
=651  \7$aAsia$zOrient.$2fast$0(OCoLC)fst01243621
=651  \6$aOrient$xDans la litterature.
=651  \0$aOrient$xIn literature.
=655  \7$aHistory.$2fast$0(OCoLC)fst01411628
=655  \7$aElectronic books. $2local
=710  2\$aProject Muse.$edistributor
=830  \0$aBook collections on Project MUSE.
=856  40$zFull text available: $uhttps://muse.jhu.edu/book/58456/

