=LDR  03614cam a22005534a 4500
=001  musev2_58457
=003  MdBmJHUP
=005  20241011142247.0
=006  m\\\\\o\\d\\\\\\\\
=007  cr||||||||nn|n
=008  180311s1996\\\\xx\\\\\\o\\\\\\00\0\eng\d
=020  \\$a9781501723186
=020  \\$z9781501723162
=020  \\$z9780801432361
=020  \\$z9781501723179
=035  \\$a(OCoLC)1057670301
=040  \\$aMdBmJHUP$cMdBmJHUP
=245  00$aPhantom Formations : $bAesthetic Ideology and the "Bildungsroman" / $cMarc Redfield.
=264  \1$aITHACA :$bCORNELL University Press,$c1996.
=264  \3$aBaltimore, Md. :$bProject MUSE, $c2018
=264  \4$c&copy;1996.
=300  \\$a1 online resource (240 pages).
=336  \\$atext$btxt$2rdacontent
=337  \\$acomputer$bc$2rdamedia
=338  \\$aonline resource$bcr$2rdacarrier
=505  0\$a1. Aesthetic Ideology -- 2. The Phantom Bildungsroman -- 3. Ghostly Bildung: Wilhelm Meisters Lehrjahre -- 4. The Dissection of the State: Wilhelm Meisters Wanderjahre and the Politics of Aesthetics -- Postscript: The Trouble with Schiller -- 5. The Aesthetics of Sympathy: George Eliot's Telepathy Machine -- 6. Aesthetics and History: L'Education sentimentale -- 7. Conclusions.
=506  0\$aOpen Access$fUnrestricted online access$2star
=520  8\$aPhantom Formations addresses the problem of the Bildungsroman through a rigorous examination of aesthetic ideology which explains the hysteria provoked by literary theory, clarifies the link between aestheticism and technologism, and questions the aesthetic presuppositions of the pragmatist and neo-professionalist ideologies of the modern bureaucratic university.
=520  \\$aMarc Redfield maintains that the literary genre of the Bildungsroman brings into sharp focus the contradictions of aesthetics, and also that aesthetics exemplifies what is called ideology. He combines a wide-ranging account of the history and theory of aesthetics with close readings of novels by Goethe, George Eliot, and Gustave Flaubert. For Redfield, these fictions of character formation demonstrate the paradoxical relation between aesthetics and literature: the notion of the Bildungsroman may be expanded to apply to any text that can be figured as a subject producing itself in history, which is to say any text whatsoever. At the same time, the category may be contracted to include only a handful of novels (or even none at all), a paradox that has led critics to denigrate the Bildungsroman as a phantom genre.
=588  \\$aDescription based on print version record.
=650  17$aOntwikkelingsromans.$2gtt
=650  \7$aGerman fiction.$2fast$0(OCoLC)fst00941384
=650  \7$aEuropean fiction.$2fast$0(OCoLC)fst00916731
=650  \7$aBildungsromans.$2fast$0(OCoLC)fst00831688
=650  \7$aAesthetics, Modern.$2fast$0(OCoLC)fst00798800
=650  \6$aRoman europeen$y19e siecle$xHistoire et critique.
=650  \6$aRoman allemand$y19e siecle$xHistoire et critique.
=650  \0$aAesthetics, Modern.
=650  \0$aEuropean fiction$y19th century$xHistory and criticism.
=650  \0$aGerman fiction$y19th century$xHistory and criticism.
=650  \0$aBildungsromans$xHistory and criticism.
=655  \7$aBildungsromans.$2lcgft
=655  \7$aBildungsromans.$2gsafd
=655  \7$aCriticism, interpretation, etc.$2fast$0(OCoLC)fst01411635
=655  \7$aBildungsromans.$2fast$0(OCoLC)fst01726536
=655  \7$aElectronic books. $2local
=710  2\$aProject Muse.$edistributor
=830  \0$aBook collections on Project MUSE.
=856  40$zFull text available: $uhttps://muse.jhu.edu/book/58457/

