=LDR  02603cam a22006494a 4500
=001  musev2_58458
=003  MdBmJHUP
=005  20241011142248.0
=006  m\\\\\o\\d\\\\\\\\
=007  cr||||||||nn|n
=008  810922s1982\\\\nyu\\\\\o\\\\\\00\0\eng\d
=010  \\$z   81015212 
=020  \\$a9781501723209
=020  \\$z9781501723193
=020  \\$z9781501728099
=020  \\$z9780801414640
=035  \\$a(OCoLC)1057633614
=040  \\$aMdBmJHUP$cMdBmJHUP
=100  1\$aReiss, Timothy J.,$d1942-
=245  14$aThe Discourse of Modernism / $cTimothy J. Reiss.
=264  \1$aIthaca :$bCornell University Press,$c1982.
=264  \3$aBaltimore, Md. :$bProject MUSE, $c2018
=264  \4$c©1982.
=300  \\$a1 online resource (416 pages).
=336  \\$atext$btxt$2rdacontent
=337  \\$acomputer$bc$2rdamedia
=338  \\$aonline resource$bcr$2rdacarrier
=505  0\$aOn method, discursive logics, and epistemology -- Questions of medieval discursive practice -- From the middle ages to the (w)hole of Utopia -- Kepler, his Dream, and the analysis and pattern of thought -- Campanella and Bacon: concerning structures of mind -- The masculine birth of time -- Cyrano and the experimental discourse -- The myth of sun and moon -- The difficulty of writing -- Crusoe rights his story -- Gulliver's critique of Euclid -- Emergence, consolidation, and dominance of a discourse.
=506  0\$aOpen Access$fUnrestricted online access$2star
=588  \\$aDescription based on print version record.
=650  07$aGeschichte (1200-1930)$2swd
=650  07$aGeschichte (1600-1750)$2swd
=650  \7$aPhilosophy, Medieval.$2nli
=650  \7$aPhilosophy, Modern.$2nli
=650  \7$aEpistemics.$2nli
=650  \7$aKnowledge, Theory of.$2nli
=650  17$aFilosofie.$2gtt
=650  17$aScience fiction.$2gtt
=650  17$aFictie.$2gtt
=650  17$aSemiotiek.$2gtt
=650  \7$aPhilosophie$2gnd
=650  \7$aLiteratur$2gnd
=650  \7$aDiskurs$2gnd
=650  \7$aErkenntnistheorie$2gnd
=650  \7$aKnowledge, Theory of.$2fast$0(OCoLC)fst00988194
=650  \7$aEpistemics.$2fast$0(OCoLC)fst00914314
=650  \7$aepistemology.$2aat
=650  \6$aÉpistemique.
=650  \6$aTheorie de la connaissance.
=650  \2$aScience fiction$xHistory and criticism.
=650  \1$aSemiotics and literature.
=650  \0$aEpistemics.
=650  \0$aKnowledge, Theory of.
=655  \7$aElectronic books. $2local
=710  2\$aProject Muse.$edistributor
=830  \0$aBook collections on Project MUSE.
=856  40$zFull text available: $uhttps://muse.jhu.edu/book/58458/

