=LDR  01379cam a22003854a 4500
=001  musev2_58459
=003  MdBmJHUP
=005  20241011142248.0
=006  m\\\\\o\\d\\\\\\\\
=007  cr||||||||nn|n
=008  201109s2018\\\\xx\\\\\\o\\\\\\00\0\eng\d
=020  \\$a9781501723230
=020  \\$z9781501723216
=020  \\$z9781501723223
=020  \\$z9780801431746
=035  \\$a(OCoLC)1046050690
=040  \\$aMdBmJHUP$cMdBmJHUP
=100  1\$aDwight F. Reynolds.
=245  10$aHeroic Poets, Poetic Heroes : $bThe Ethnography of Performance in an Arabic Oral Epic Tradition
=264  \1$bCornell University Press$c2018.
=264  \3$aBaltimore, Md. :$bProject MUSE, $c2018
=264  \4$c&copy;2018.
=300  \\$a1 online resource (128 pages).
=336  \\$atext$btxt$2rdacontent
=337  \\$acomputer$bc$2rdamedia
=338  \\$aonline resource$bcr$2rdacarrier
=506  0\$aOpen Access$fUnrestricted online access$2star
=588  \\$aDescription based on print version record.
=655  \7$aElectronic books. $2local
=773  0\$tDe Gruyter Open Books$dDe Gruyter
=773  0\$tBooks at JSTOR: Open Access$dJSTOR
=773  0\$tProject MUSE - Cornell University Press Open Access Books Collection$dProject MUSE
=710  2\$aProject Muse.$edistributor
=830  \0$aBook collections on Project MUSE.
=856  40$zFull text available: $uhttps://muse.jhu.edu/book/58459/

