=LDR  02607cam a22005054a 4500
=001  musev2_58460
=003  MdBmJHUP
=005  20241011142249.0
=006  m\\\\\o\\d\\\\\\\\
=007  cr||||||||nn|n
=008  830329s1983\\\\nyu\\\\\o\\\\\\00\0\eng\d
=010  \\$z  2019725877
=020  \\$a9781501723285
=020  \\$z9780801415920
=020  \\$z9781501723261
=020  \\$z9781501723278
=035  \\$a(OCoLC)1057626243
=040  \\$aMdBmJHUP$cMdBmJHUP
=100  1\$aShaw, Harry E.,$d1946-$eauthor.
=245  14$aThe Forms of Historical Fiction : $bSir Walter Scott and His Successors / $cby Harry E. Shaw.
=264  \1$aIthaca :$bCornell University Press,$c1983.
=264  \3$aBaltimore, Md. :$bProject MUSE, $c2018
=264  \4$c&copy;1983.
=300  \\$a1 online resource (256 pages).
=336  \\$atext$btxt$2rdacontent
=337  \\$acomputer$bc$2rdamedia
=338  \\$aonline resource$bcr$2rdacarrier
=505  0\$aA note on citations of Scott's works -- I. An approach to the historical novel -- 2. History as pastoral, history as a source of drama -- 3. History as subject -- 4. Form in Scott's novels : the hero as instrument -- 5. Form in Scott's novels : the hero as subject.
=506  0\$aOpen Access$fUnrestricted online access$2star
=520  \\$aHarry Shaw's aim is to promote a fuller understanding of nineteenth-century historical fiction by revealing its formal possibilities and limitations. His wide-ranging book establishes a typology of the ways in which history was used in prose fiction during the nineteenth century, examining major works by Sir Walter Scott-the first modern historical novelist-and by Balzac, Hugo, Anatole France, Eliot, Thackeray, Dickens, and Tolstoy.
=588  \\$aDescription based on print version record.
=600  17$aScott, Walter,$d1771-1832.$2fast$0(OCoLC)fst01801529
=600  11$aScott, Walter,$d1771-1832$xFictional works.
=600  11$aScott, Walter,$d1771-1832$xInfluence.
=600  10$aScott, Walter,$d1771-1832$xInfluence.
=600  10$aScott, Walter,$d1771-1832$xFictional works.
=650  \7$aInfluence (Literary, artistic, etc.)$2fast$0(OCoLC)fst00972484
=650  \7$aHistorical fiction.$2fast$0(OCoLC)fst00957973
=650  \7$aCriticism and interpretation.$2fast$0(OCoLC)fst01198648
=650  \0$aHistorical fiction$xHistory and criticism.
=655  \7$aCriticism, interpretation, etc.$2fast$0(OCoLC)fst01411635
=655  \7$aElectronic books. $2local
=710  2\$aProject Muse.$edistributor
=830  \0$aBook collections on Project MUSE.
=856  40$zFull text available: $uhttps://muse.jhu.edu/book/58460/

