=LDR  04659cam a22007574a 4500
=001  musev2_58461
=003  MdBmJHUP
=005  20241011142249.0
=006  m\\\\\o\\d\\\\\\\\
=007  cr||||||||nn|n
=008  180317s1994\\\\xx\\\\\\o\\\\\\00\0\eng\d
=010  \\$z   94020368 
=020  \\$a9781501726064
=020  \\$z9781501726057
=020  \\$z9781501728136
=020  \\$z9780801428777
=035  \\$a(OCoLC)1057688720
=040  \\$aMdBmJHUP$cMdBmJHUP
=100  1\$aWasserman, Renata R. Mautner$q(Renata Ruth Mautner),$d1941-
=245  10$aExotic Nations : $bLiterature and Cultural Identity in the United States and Brazil, 1830-1930 / $cRenata R. Mautner Wasserman.
=264  \1$aIthaca :$bCornell University Press,$c1994.
=264  \3$aBaltimore, Md. :$bProject MUSE, $c2018
=264  \4$c©1994.
=300  \\$a1 online resource (288 pages).
=336  \\$atext$btxt$2rdacontent
=337  \\$acomputer$bc$2rdamedia
=338  \\$aonline resource$bcr$2rdacarrier
=505  0\$6880-01$a1. Introduction : designing nations -- 2. First accounts : the building blocks -- 3. Jean-Jacques Rousseau and the discourse of the exotic -- 4. Love in exotic places : Bernardin de Saint-Pierre's Paul et Virginie -- 5. Chateaubriand's Atala and the ready-made exotic -- 6. James Fenimore Cooper and the image of America -- 7. Nationality and the 'Indian' novels of Jose de Alencar -- 8. Nationality redefined, or lazy Macunaima -- 9. Conclusion : exoticism as strategy.
=506  0\$aOpen Access$fUnrestricted online access$2star
=520  \\$aIn this highly original and critically informed book, Renata R. Mautner Wasserman looks at how, during the first decades following political independence, writers in the United States and Brazil assimilated and subverted European images of an "exotic" New World to create new literatures that asserted cultural independence and defined national identity. Exotic Nations demonstrates that the language of exoticism thus became part of the New World's interpretation of its own history and natural environment.
=588  \\$aDescription based on print version record.
=650  \7$aNational characteristics, Brazilian, in literature.$2fast$0(OCoLC)fst01033377
=650  \7$aNational characteristics, American, in literature.$2fast$0(OCoLC)fst01033350
=650  \7$aLiterature and society.$2fast$0(OCoLC)fst01000096
=650  \7$aIndians in literature.$2fast$0(OCoLC)fst00969419
=650  \7$aExoticism in literature.$2fast$0(OCoLC)fst01896050
=650  \7$aBrazilian literature.$2fast$0(OCoLC)fst00838112
=650  \7$aAmerican literature$xBrazilian influences.$2fast$0(OCoLC)fst00807133
=650  \7$aAmerican literature.$2fast$0(OCoLC)fst00807113
=650  \7$aBrazilians in literature.$2fast$0(OCoLC)fst00838166
=650  \6$aLitterature americaine$xInfluence bresilienne.
=650  \6$aLitterature et societe$zBresil$xHistoire.
=650  \6$aLitterature bresilienne$xHistoire et critique.
=650  \6$aLitterature et societe$zÉtats-Unis$xHistoire.
=650  \6$aBresiliens dans la litterature.
=650  \0$aBrazilians in literature.
=650  \0$aIndians in literature.
=650  \0$aExoticism in literature.
=650  \0$aAmerican literature$xBrazilian influences.
=650  \0$aLiterature and society$zBrazil$xHistory.
=650  \0$aBrazilian literature$xHistory and criticism.
=650  \0$aLiterature and society$zUnited States$xHistory.
=650  \0$aComparative literature$xBrazilian and American.
=650  \0$aNational characteristics, Brazilian, in literature.
=650  \0$aNational characteristics, American, in literature.
=650  \0$aComparative literature$xAmerican and Brazilian.
=650  \0$aAmerican literature$xHistory and criticism.
=651  \7$aUnited States.$2fast$0(OCoLC)fst01204155
=651  \7$aBrazil.$2fast$0(OCoLC)fst01206830
=655  \7$aHistory.$2fast$0(OCoLC)fst01411628
=655  \7$aCriticism, interpretation, etc.$2fast$0(OCoLC)fst01411635
=655  \7$aElectronic books. $2local
=710  2\$aProject Muse.$edistributor
=830  \0$aBook collections on Project MUSE.
=880  0\$6505-01/(Q$a1 Introduction: Designing Nations; 2 First Accounts: The Building Blocks; 3 Jean-Jacques Rousseau and the Discourse of the Exotic; 4 Love in Exotic Places: Bernardin de Saint-Pierre's; 5 Chateaubriand's Atala and the Ready-Made Exotic; 6 James Fenimore Cooper and the Image of America; 7 Nationality and the ""Indian"" Novels of Jose de Alencar; 8 Nationality Redefined, or Lazy MacunaA⁺ё℗Ưma; 9 Conclusion: Exoticism as Strategy.
=856  40$zFull text available: $uhttps://muse.jhu.edu/book/58461/

