=LDR  03039cam a22006134a 4500
=001  musev2_58462
=003  MdBmJHUP
=005  20241011142250.0
=006  m\\\\\o\\d\\\\\\\\
=007  cr||||||||nn|n
=008  881011s1989\\\\nyu\\\\\o\\\\\\00\0\eng\d
=010  \\$z  2019725639
=020  \\$a9781501726286
=020  \\$z9781501727825
=020  \\$z9781501726279
=020  \\$z9780801422430
=035  \\$a(OCoLC)1057688765
=040  \\$aMdBmJHUP$cMdBmJHUP
=100  1\$aFlathman, Richard E.,$eauthor.
=245  10$aToward a Liberalism / $cRichard E. Flathman.
=264  \1$aIthaca :$bCornell University Press,$c1989.
=264  \3$aBaltimore, Md. :$bProject MUSE, $c2018
=264  \4$c&copy;1989.
=300  \\$a1 online resource (252 pages).
=336  \\$atext$btxt$2rdacontent
=337  \\$acomputer$bc$2rdamedia
=338  \\$aonline resource$bcr$2rdacarrier
=490  0\$aCornell paperbacks
=505  00$tFrontmatter --$tContents --$tAcknowledgments --$tIntroduction --$tI Theory and Practice, Skepticism and Liberalism --$t2 Liberalism and Authority --$t3 Citizenship and Authority: A Chastened View of Citizenship --$t4 Liberalism and the Human Good of Freedom --$t5 Moderating Rights --$t6 The Theory of Rights and the Practice of Abortion --$t7 Egalitarian Blood and Skeptical Turnips --$tIndex
=506  0\$aOpen Access$fUnrestricted online access$2star
=520  \\$aIn Toward a Liberalism, Richard Flathman shows why and how political theory can contribute to the quality of moral and political practice without violating, as empiricist- and idealist-based theories tend to do, liberal commitments to individuality and plurality. Exploring the tense but inevitable relationship between liberalism and authority, he advances a theory of democratic citizenship tempered by appreciation of the ways in which citizenship is implicated with and augments authority. Flathman examines the relationship of individual rights to freedom on one hand and to authority and power on the other, rejecting the quest for a single homogenous and authoritative liberal theory.
=588  \\$aDescription based on print version record.
=650  17$aPlurale samenleving.$2gtt
=650  17$aIndividualisme.$2gtt
=650  17$aGezag.$2gtt
=650  17$aLiberalisme.$2gtt
=650  \7$aLiberalism.$2fast$0(OCoLC)fst00997183
=650  \7$aIndividualism.$2fast$0(OCoLC)fst00970328
=650  \7$aCultural pluralism.$2fast$0(OCoLC)fst01715991
=650  \7$aAuthority.$2fast$0(OCoLC)fst00821653
=650  \7$aFree enterprise.$2fast$0(OCoLC)fst00933866
=650  \7$aliberalism.$2aat
=650  \6$aDiversite culturelle.
=650  \6$aAutorite.
=650  \6$aLiberalisme.
=650  \0$aFree enterprise.
=650  \0$aCultural pluralism.
=650  \0$aIndividualism.
=650  \0$aAuthority.
=650  \0$aLiberalism.
=655  \7$aElectronic books. $2local
=710  2\$aProject Muse.$edistributor
=830  \0$aBook collections on Project MUSE.
=856  40$zFull text available: $uhttps://muse.jhu.edu/book/58462/

