=LDR  01677cam a22004694a 4500
=001  musev2_62236
=003  MdBmJHUP
=005  20241011150435.0
=006  m\\\\\o\\d\\\\\\\\
=007  cr||||||||nn|n
=008  031103s2004\\\\mdu\\\\\o\\\\\\00\0\eng\d
=020  \\$a9781421427645
=020  \\$z9780801879210
=020  \\$z9781421429410
=035  \\$a(OCoLC)1057857438
=040  \\$aMdBmJHUP$cMdBmJHUP
=100  1\$aNusinovich, G. S.
=245  10$aIntroduction to the Physics of Gyrotrons / $cGregory S. Nusinovich ; foreword by Victor Granatstein and Richard Temkin.
=264  \1$aBaltimore :$bJohns Hopkins University Press,$c2004.
=264  \3$aBaltimore, Md. :$bProject MUSE, $c2018
=264  \4$c&copy;2004.
=300  \\$a1 online resource (352 pages): $billustrations
=336  \\$atext$btxt$2rdacontent
=337  \\$acomputer$bc$2rdamedia
=338  \\$aonline resource$bcr$2rdacarrier
=506  0\$aOpen Access$fUnrestricted online access$2star
=588  \\$aDescription based on print version record.
=650  \7$aPlasma radiation.$2fast$0(OCoLC)fst01066352
=650  \7$aGyrotrons.$2fast$0(OCoLC)fst00949782
=650  \7$aParticle dynamics.$2fast$0(OCoLC)fst00900308
=650  \6$aGyrotrons.
=650  \6$aRayonnement de plasma.
=650  \6$aDynamique d'une particule.
=650  \0$aGyrotrons.
=650  \0$aPlasma radiation.
=650  \0$aParticle dynamics.
=655  \7$aElectronic books. $2local
=700  1\$aTemkin, Richard J.
=700  1\$aGranatstein, V. L.$q(Victor L.),$d1935-
=710  2\$aProject Muse.$edistributor
=830  \0$aBook collections on Project MUSE.
=856  40$zFull text available: $uhttps://muse.jhu.edu/book/62236/

