=LDR  01797cam a22004454a 4500
=001  musev2_62237
=003  MdBmJHUP
=005  20241011150435.0
=006  m\\\\\o\\d\\\\\\\\
=007  cr||||||||nn|n
=008  050111s2005\\\\mdu\\\\\o\\\\\\00\0\eng\d
=020  \\$a9781421427621
=020  \\$z9780801882166
=020  \\$z9781421429366
=035  \\$a(OCoLC)1057876544
=040  \\$aMdBmJHUP$cMdBmJHUP
=100  1\$aMcCauley, Bernadette.
=245  10$aWho Shall Take Care of Our Sick? : $bRoman Catholic Sisters and the Development of Catholic Hospitals in New York City / $cBernadette Mccauley.
=264  \1$aBaltimore :$bJohns Hopkins University Press,$c2005.
=264  \3$aBaltimore, Md. :$bProject MUSE, $c2018
=264  \4$c©2005.
=300  \\$a1 online resource (160 pages): $billustrations
=336  \\$atext$btxt$2rdacontent
=337  \\$acomputer$bc$2rdamedia
=338  \\$aonline resource$bcr$2rdacarrier
=505  0\$aFoundations -- Sisters -- Care and treatment -- Hospital finances -- Hospital sisters and modernization.
=506  0\$aOpen Access$fUnrestricted online access$2star
=588  \\$aDescription based on print version record.
=650  \7$aCatholic hospitals.$2fast$0(OCoLC)fst00849201
=650  \6$aHôpitaux catholiques$zNew York (État)$zNew York$xHistoire.
=650  22$aCatholicism
=650  12$aHospitals, Religious$xhistory
=650  \0$aCatholic hospitals$zNew York (State)$zNew York$xHistory.
=651  \7$aNew York (State)$zNew York.$2fast$0(OCoLC)fst01204333
=651  \2$aNew York (N.Y.)
=655  \7$aHistory.$2fast$0(OCoLC)fst01411628
=655  \7$aElectronic books. $2local
=710  2\$aProject Muse.$edistributor
=830  \0$aBook collections on Project MUSE.
=856  40$zFull text available: $uhttps://muse.jhu.edu/book/62237/

