=LDR  04539cam a22006494a 4500
=001  musev2_61473
=003  MdBmJHUP
=005  20241011145638.0
=006  m\\\\\o\\d\\\\\\\\
=007  cr||||||||nn|n
=008  171207r20171978miu\\\\\o\\\\\\00\0\eng\d
=020  \\$a9780814343388
=020  \\$z0814343384
=035  \\$a(OCoLC)1059371908
=040  \\$aMdBmJHUP$cMdBmJHUP
=100  1\$aMacLeod, Normand,$dapproximately 1731-1796,$eauthor.
=245  10$aDetroit to Fort Sackville, 1778-1779 : $bThe Journal of Normand MacLeod / $cedited with an introduction by William A. Evans, with the assistance of Elizabeth S. Sklar, foreword by Alice C. Dalligan.
=264  \1$aDetroit :$bWayne State University Press,$c2017.
=264  \3$aBaltimore, Md. :$bProject MUSE, $c2018
=264  \4$c©2017.
=300  \\$a1 online resource: $billustrations
=336  \\$atext$btxt$2rdacontent
=337  \\$acomputer$bc$2rdamedia
=338  \\$aonline resource$bcr$2rdacarrier
=500  \\$aFrom the Burton Historical Collection.
=500  \\$aThe publication of this volume in a freely accessible digital format has been made possible by a major grant from the National Endowment for the Humanities and the Mellon Foundation through their Humanities Open Book Program.
=506  0\$aOpen Access$fUnrestricted online access$2star
=520  \\$aIn 1777 Normand MacLeod, a British army officer, assumed the post of town major of Detroit, then a British colony on the frontier of late eighteenth-century America. Although it was not in the forefront of action in the American Revolution, the fort at Detroit had an important role because its strategic location made it a point of interest to military leaders on both sides. Under the leadership of Captain Normand MacLeod, the city of Detroit played a role in the War for Independence that is described in detail in this journal. During the bitter winter of 1778-79, MacLeod led a party of Detroit Volunteer Militia in advance of Henry Hamilton⁰́₉s main force. Hamilton was attempting to hold Fort Sackville (modern Vincennes, Indiana) against George Rogers Clark and his troops. MacLeod was a shrewd and witty reporter. His diary, published for the first time in this volume, details the daily routine of the arduous midwinter military campaign. He describes daily life within the walls of the fort at Detroit, the military adventures planned within those walls, and the rumors, the gossip, and the personal relationships within the community. Offering an unprecedented personal glimpse of Detroit life in the years 1778-79, the diary preserves the flavor of one bitter winter of the American Revolution of special significance for historians of Michigan and Detroit. William A. Evans⁰́₉s introduction to the journal places MacLeod⁰́₉s expedition in the context of Hamilton⁰́₉s strategy and provides a biographical account of MacLeod himself that has not been available previously.
=588  \\$aDescription based on print version record.
=600  10$aMacLeod, Normand,$d1731-1796.
=610  20$aClark's Expedition to the Illinois, 1778-1779$vSources.
=650  \7$aSoldiers.$2fast$0(OCoLC)fst01125233
=650  \7$aHISTORY$xMilitary$zUnited States.$2bisacsh
=650  \7$aLITERARY COLLECTIONS$xDiaries & Journals.$2bisacsh
=650  \7$aHISTORY$zUnited States$xRevolutionary Period (1775-1800)$2bisacsh
=650  \7$aHIS031000.$2bisacsh
=650  \0$aSoldiers$zGreat Britain$vBiography.
=651  \7$aUnited States$zOld Northwest.$2fast$0(OCoLC)fst01242541
=651  \7$aUnited States.$2fast$0(OCoLC)fst01204155
=651  \7$aGreat Britain.$2fast$0(OCoLC)fst01204623
=651  \6$aÉtats-Unis (Vieux Nord-Ouest)$xHistoire$y1775-1783 (Revolution)$vRecits personnels.
=651  \0$aNorthwest, Old$xHistory$yRevolution, 1775-1783$vPersonal narratives.
=655  \7$aRecits personnels.$2rvmgf
=655  \7$aBiographies.$2rvmgf
=655  \7$aPersonal narratives.$2lcgft
=655  \7$aBiographies.$2lcgft
=655  \7$aSources.$2fast$0(OCoLC)fst01423900
=655  \7$aPersonal narratives.$2fast$0(OCoLC)fst01423843
=655  \7$aHistory.$2fast$0(OCoLC)fst01411628
=655  \7$aBiographies.$2fast$0(OCoLC)fst01919896
=655  \2$aPersonal Narrative
=655  \2$aBiography
=655  \7$aElectronic books. $2local
=740  0\$aWayne State University Libraries Digital Collections.
=710  2\$aProject Muse.$edistributor
=830  \0$aBook collections on Project MUSE.
=856  40$zFull text available: $uhttps://muse.jhu.edu/book/61473/

