=LDR  04092cam a22007694a 4500
=001  musev2_56563
=003  MdBmJHUP
=005  20241011140029.0
=006  m\\\\\o\\d\\\\\\\\
=007  cr||||||||nn|n
=008  971003s1998\\\\miu\\\\\o\\\\\\00\0\eng\d
=010  \\$z   97042353 
=020  \\$a9780814343272
=020  \\$z9780814343265
=020  \\$z0814343279
=035  \\$a(OCoLC)1059446317
=040  \\$aMdBmJHUP$cMdBmJHUP
=100  1\$aAnderson, Carlotta R.,$d1929-
=245  10$aAll-American Anarchist : $bJoseph A. Labadie and the Labor Movement / $cCarlotta R. Anderson.
=264  \1$aDetroit, Mich. :$bWayne State University Press,$c1998.
=264  \3$aBaltimore, Md. :$bProject MUSE, $c2018
=264  \4$c©1998.
=300  \\$a1 online resource: $billustrations, portraits ;
=336  \\$atext$btxt$2rdacontent
=337  \\$acomputer$bc$2rdamedia
=338  \\$aonline resource$bcr$2rdacarrier
=490  0\$aGreat Lakes books
=506  0\$aOpen Access$fUnrestricted online access$2star
=520  1\$a"All-American Anarchist chronicles the life and work of Joseph A. Labadie (1850-1933), Detroit's prominent labor organizer and one of early labor's most influential activists. A dynamic participant in the major social reform movements of the Gilded Age, Labadie was a central figure in the pervasive struggle for a new social order as the American Midwest underwent rapid industrialization at the end of the nineteenth century." "This engaging biography follows Labadie's colorful career from a childhood among a Pottawatomi tribe in the Michigan woods through his local and national involvement in a maze of late nineteenth-century labor and reform activities, including participation in the Socialist Labor party, Knights of Labor, Greenback movement, trades councils, typographical union, eight-hour-day campaigns, and the rise of the American Federation of Labor." "In writing this biography of her grandfather, Carlotta R. Anderson consulted the renowned Labadie Collection at the University of Michigan, a unique collection of protest literature which extensively documents pivotal times in American labor history and radical history."--Jacket.
=588  \\$aDescription based on print version record.
=600  17$aLabadie, Jo.$2swd
=600  17$aLabadie, Joseph Antoine,$d(1850-1933)$xBiographies.$2ram
=600  17$aLabadie, Jo,$d1850-1933$2nli
=600  17$aLabadie, Jo$d1850-1933$2gnd
=600  17$aLabadie, Jo,$d1850-1933.$2fast$0(OCoLC)fst00227729
=600  16$aLabadie, Jo,$d1850-1933.
=600  10$aLabadie, Jo,$d1850-1933.
=650  \7$aAnarchistes$zÉtats-Unis$xBiographies.$2ram
=650  \7$aMouvement ouvrier$zMichigan (États-Unis)$2ram
=650  \7$aSyndicalisme$zMichigan (États-Unis)$2ram
=650  \7$aLabor movement$zMichigan$xHistory$2nli
=650  \7$aAnarchists$zUnited States$vBiography$2nli
=650  \7$aBiografie$2gnd
=650  \7$aArbeiterbewegung$2gnd
=650  \7$aLabor movement.$2fast$0(OCoLC)fst00990079
=650  \7$aAnarchists.$2fast$0(OCoLC)fst00808401
=650  \6$aAnarchistes$zÉtats-Unis$vBiographies.
=650  \6$aMouvement ouvrier$zMichigan$xHistoire.
=650  \6$aAnarchistes$zÉtats-Unis$xBiographies.
=650  \0$aAnarchists$zUnited States$xBiography.
=650  \0$aLabor movement$zMichigan$xHistory.
=650  \0$aAnarchists$zUnited States$vBiography.
=651  \7$aDetroit (Mich.)$2swd
=651  \7$aUnited States.$2fast$0(OCoLC)fst01204155
=651  \7$aMichigan.$2fast$0(OCoLC)fst01208387
=610  27$aMouvement travailliste$zEtats-Unis$xHistoire.$2ram
=610  27$aDetroit$gMich.$2gnd
=655  \7$aBiographies.$2rvmgf
=655  \7$aBiographies.$2lcgft
=655  \7$aHistory.$2fast$0(OCoLC)fst01411628
=655  \7$aBiographies.$2fast$0(OCoLC)fst01919896
=655  \2$aBiography
=655  \7$aElectronic books. $2local
=710  2\$aPaul Avrich Collection (Library of Congress)$5DLC
=710  2\$aProject Muse.$edistributor
=830  \0$aBook collections on Project MUSE.
=856  40$zFull text available: $uhttps://muse.jhu.edu/book/56563/

