=LDR  04748cam a22006614a 4500
=001  musev2_61452
=003  MdBmJHUP
=005  20241011145632.0
=006  m\\\\\o\\d\\\\\\\\
=007  cr||||||||nn|n
=008  171207r20181989miu\\\\\o\\\\\\00\0\eng\d
=020  \\$a9780814343944
=020  \\$z0814343945
=020  \\$z9780814343937
=035  \\$a(OCoLC)1059446189
=040  \\$aMdBmJHUP$cMdBmJHUP
=100  1\$aKremer, S. Lillian,$d1939-$eauthor.
=245  10$aWitness Through the Imagination : $bJewish American Holocaust Literature / $cS. Lillian Kremer.
=264  \1$aDetroit :$bWayne State University Press,$c2018.
=264  \3$aBaltimore, Md. :$bProject MUSE, $c2018
=264  \4$c©2018.
=300  \\$a1 online resource.
=336  \\$atext$btxt$2rdacontent
=337  \\$acomputer$bc$2rdamedia
=338  \\$aonline resource$bcr$2rdacarrier
=500  \\$aThe publication of this volume in a freely accessible digital format has been made possible by a major grant from the National Endowment for the Humanities and the Mellon Foundation through their Humanities Open Book Program.
=505  0\$aCover; Title Page; Copyright; Dedication; Contents; Preface; Acknowledgments; Introduction; Chapter One: Scars of Outrage: The Holocaust in The Victim and Mr. Sammler's Planet; Chapter Two: From Buchenwald to Harlem: The Holocaust Universe of The Pawnbroker; Chapter Three: Seekers and Survivors: The Holocaust-Haunted Fiction of Bernard Malamud; Chapter Four: Chaim Rumkowski and the Lodz Ghetto in Leslie Epstein's King of the Jews; Chapter Five: The Trial of the Damned: Richard Elman's Holocaust Trilogy; Chapter Six: Kaddish and Resurrection: Isaac Bashevis Singer's Holocaust Memorial
=505  0\$aChapter Seven: The Dybbuk of All the Lost Dead: Cynthia Ozick's Holocaust FictionChapter Eight: Eternal Faith, Eternal People: The Holocaust and Redemption in Arthur A. Cohen's In the Days of Simon Stern; Chapter Nine: Eternal Light: The Holocaust and the Revival of Judaism and Jewish Civilization in the Fiction of Chaim Potok; Chapter Ten: Nazism on Trial: The Holocaust Fiction of George Steiner; Conclusion; Notes; Index
=506  0\$aOpen Access$fUnrestricted online access$2star
=520  \\$aCriticism of Holocaust literature is an emerging field of inquiry, and as might be expected, the most innovative work has been concentrated on the vanguard of European and Israeli Holocaust literature. Now that American fiction has amassed an impressive and provocative Holocaust canon, the time is propitious for its evaluation. Witness Through the Imagination presents a critical reading of themes and stylistic strategies of major American Holocaust fiction to determine its capacity to render the prelude, progress, and aftermath of the Holocaust. The unifying critical approach is the textual explication of themes and literary method, occasional comparative references to international Holocaust literature, and a discussion of extra-literary Holocaust sources that have influenced the creative writers' treatment of the Holocaust universe.
=588  \\$aDescription based on print version record.
=650  \7$aWar and literature.$2fast$0(OCoLC)fst01170442
=650  \7$aJews$xIntellectual life.$2fast$0(OCoLC)fst00983287
=650  \7$aJews in literature.$2fast$0(OCoLC)fst00983388
=650  \7$aHolocaust, Jewish (1939-1945) in literature.$2fast$0(OCoLC)fst00958923
=650  \7$aAmerican fiction$xJewish authors.$2fast$0(OCoLC)fst00807082
=650  \7$aAmerican fiction.$2fast$0(OCoLC)fst00807048
=650  \7$aLITERARY CRITICISM$xJewish.$2bisacsh
=650  \7$aHIS043000.$2bisacsh
=650  \6$aJuifs dans la litterature.
=650  \6$aJuifs$zÉtats-Unis$xVie intellectuelle.
=650  \6$aGuerre mondiale, 1939-1945$xLitterature et guerre.
=650  \6$aRoman americain$y20e siecle$xHistoire et critique.
=650  \6$aHolocauste, 1939-1945, dans la litterature.
=650  \6$aRoman americain$xAuteurs juifs$xHistoire et critique.
=650  \0$aJews in literature.
=650  \0$aJews$zUnited States$xIntellectual life.
=650  \0$aWorld War, 1939-1945$xLiterature and the war.
=650  \0$aAmerican fiction$y20th century$xHistory and criticism.
=650  \0$aHolocaust, Jewish (1939-1945), in literature.
=650  \0$aAmerican fiction$xJewish authors$xHistory and criticism.
=651  \7$aUnited States.$2fast$0(OCoLC)fst01204155
=655  \7$aCriticism, interpretation, etc.$2fast$0(OCoLC)fst01411635
=655  \7$aElectronic books. $2local
=740  0\$aWayne State University Libraries Digital Collections.
=710  2\$aProject Muse.$edistributor
=830  \0$aBook collections on Project MUSE.
=856  40$zFull text available: $uhttps://muse.jhu.edu/book/61452/

