=LDR  04103cam a22005774a 4500
=001  musev2_61463
=003  MdBmJHUP
=005  20241011145634.0
=006  m\\\\\o\\d\\\\\\\\
=007  cr||||||||nn|n
=008  171207r20181994miu\\\\\o\\\\\\00\0\eng\d
=020  \\$a9780814344057
=020  \\$z9780814344064
=020  \\$z0814344054
=035  \\$a(OCoLC)1060584066
=040  \\$aMdBmJHUP$cMdBmJHUP
=100  1\$aHaskell, Guy H.,$d1956-$eauthor.
=245  10$aFrom Sofia to Jaffa : $bThe Jews of Bulgaria and Israel / $cGuy H. Haskell ; foreword by Raphael Patai.
=264  \1$aDetroit :$bWayne State University Press,$c2018.
=264  \3$aBaltimore, Md. :$bProject MUSE, $c2018
=264  \4$c©2018.
=300  \\$a1 online resource: $billustrations
=336  \\$atext$btxt$2rdacontent
=337  \\$acomputer$bc$2rdamedia
=338  \\$aonline resource$bcr$2rdacarrier
=490  0\$aRaphael Patai Series in Jewish Folklore and Anthropology
=500  \\$a20 black and white images.
=500  \\$aThe publication of this volume in a freely accessible digital format has been made possible by a major grant from the National Endowment for the Humanities and the Mellon Foundation through their Humanities Open Book Program.
=505  0\$aCover; Title Page; Copyright; Dedication; Contents; Foreword; Acknowledgments; Introduction; Part I: Israeli Social Science Looks at Immigration and Ethnicity; Chapter 1: Confronting Mass Immigration; Chapter 2: The Emergence of Culture; Chapter 3: Introspection and Diversification; Part II: The Jews in Bulgaria; Chapter 4: From the First Century to the Ottoman Conquest; Chapter 5: The Ottoman Period: 1389-1878; Chapter 6: From Liberation to World War II: 1878-1940; Chapter 7: The War Years: 1940-1944; Chapter 8: From Liberation to Emigration: 1944-1949
=505  0\$aPart III: The Jews of Bulgaria in IsraelChapter 9: Theoretical Approaches; Chapter 10: Components of Identity; Chapter 11: Folklore and Identity; Epilogue; Appendix A: Statistics; Appendix B: List of Informants; Appendix C: Two Interviews; Notes; Bibliography; Social Scientific Works; Bulgarian Jewry; Index
=506  0\$aOpen Access$fUnrestricted online access$2star
=520  \\$aWithin two years of the establishment of the State of Israel in 1948, an astounding 45,000 of Bulgaria⁰́₉s 50,000 Jews left voluntarily for Israel. This mass exodus was remarkable considering that Bulgaria was the only Axis power to prevent the deportation of its Jews to the death camps during World War II. After their arrival in Israel, the Jews of Bulgaria were recognized as a model immigrant group in a fledgling state attempting to absorb hundreds of thousands of newcomers from more than eighty countries. They became known for their independence, self-reliance, honesty, and hard work. From Sofia to Jaffa chronicles the fascinating saga of a population relocated, a story that has not been told until now. Beginning with a study of the community in Bulgaria and the factors that motivated them to leave their homeland, this book documents the journey of the Bulgarian Jews to Israel and their adaptation to life there.
=588  \\$aDescription based on print version record.
=650  \7$aJews.$2fast$0(OCoLC)fst00983135
=650  \7$aEmigration and immigration.$2fast$0(OCoLC)fst00908690
=650  \7$aSOCIAL SCIENCE$xJewish Studies.$2bisacsh
=650  \7$aHIS022000.$2bisacsh
=650  \6$aJuifs$zBulgarie$vFolklore.
=650  \6$aJuifs$zBulgarie$xHistoire.
=650  \0$aJews$zBulgaria$vFolklore.
=650  \0$aJews$zBulgaria$xHistory.
=651  \7$aIsrael.$2fast$0(OCoLC)fst01204236
=651  \7$aBulgaria.$2fast$0(OCoLC)fst01212489
=651  \0$aIsrael$xEmigration and immigration.
=655  \7$aHistory.$2fast$0(OCoLC)fst01411628
=655  \7$aFolklore.$2fast$0(OCoLC)fst01423784
=655  \7$aElectronic books. $2local
=740  0\$aWayne State University Libraries Digital Collections.
=710  2\$aProject Muse.$edistributor
=830  \0$aBook collections on Project MUSE.
=856  40$zFull text available: $uhttps://muse.jhu.edu/book/61463/

