=LDR  04259cam a22006254a 4500
=001  musev2_61468
=003  MdBmJHUP
=005  20241011145637.0
=006  m\\\\\o\\d\\\\\\\\
=007  cr||||||||nn|n
=008  171207r20182002miu\\\\\o\\\\\\00\0\eng\d
=020  \\$a9780814344224
=020  \\$z9780814344231
=020  \\$z0814344224
=035  \\$a(OCoLC)1060583380
=040  \\$aMdBmJHUP$cMdBmJHUP
=100  1\$aGlass, Joseph B.,$eauthor.
=245  10$aFrom New Zion to Old Zion : $bAmerican Jewish Immigration and Settlement in Palestine, 1917-1939 / $cJoseph B. Glass.
=264  \1$aDetroit :$bWayne State University Press,$c2018.
=264  \3$aBaltimore, Md. :$bProject MUSE, $c2018
=264  \4$c©2018.
=300  \\$a1 online resource: $billustrations
=336  \\$atext$btxt$2rdacontent
=337  \\$acomputer$bc$2rdamedia
=338  \\$aonline resource$bcr$2rdacarrier
=490  0\$aAmerican Holy Land Series
=500  \\$a52 black and white images.
=500  \\$aThe publication of this volume in a freely accessible digital format has been made possible by a major grant from the National Endowment for the Humanities and the Mellon Foundation through their Humanities Open Book Program.
=505  0\$aCover; Title Page; Copyright; Contents; List of Illustrations; List of Tables; List of Maps; Preface; Introduction; 1. Attitudes toward American Jewish Migration to Palestine; 2. Information and Assistance; 3. Motivations for American Immigration to Palestine; 4. The Screening Process: Immigration Policies and Regulations; 5. The Spatial Distribution of American Olim; 6. American Ahuza Colonies; 7. The American Zion Commonwealth (1914-1928); 8. Private Development in the Rural Sector; 9. American Jewish Settlement on Jewish National Fund Lands; 10. Americans in the Urban Environment
=506  0\$aOpen Access$fUnrestricted online access$2star
=520  \\$aAmerican Aliyah (immigration to Palestine) began in the mid-nineteenth century fueled by the desire of American Jews to study Torah and by their wish to live and be buried in the Holy Land. His movement of people-men and women-increased between World War I and II, in direct contrast to European Jewry⁰́₉s desire to immigrate to the United States. Why would American Jews want to leave America, and what characterized their resettlement? From New Zion to Old Zion analyzes the migration of American Jews to Palestine between the two world wars and explores the contribution of these settlers to the building of Palestine. From New Zion to Old Zion draws upon international archival correspondence, newspapers, maps, photographs, interviews, and fieldwork to provide students and scholars of immigration and settlement processes, the Yishuv (Jewish community in Palestine), and America-Holy Land studies a well-researched portrait of Aliyah.
=588  \\$aDescription based on print version record.
=650  \7$aJews$xMigrations.$2fast$0(OCoLC)fst00983310
=650  \7$aJews$xColonization.$2fast$0(OCoLC)fst00983181
=650  \7$aJews, American.$2fast$0(OCoLC)fst00983407
=650  \7$aEmigration and immigration.$2fast$0(OCoLC)fst00908690
=650  \7$aHISTORY$xJewish.$2bisacsh
=650  \7$aSOCIAL SCIENCE$xEmigration & Immigration.$2bisacsh
=650  \7$aSOC049000.$2bisacsh
=650  \6$aJuifs$xColonisation$zPalestine$xHistoire$y20e siecle.
=650  \6$aJuifs$zÉtats-Unis$xMigrations$xHistoire$y20e siecle.
=650  \6$aJuifs americains$zPalestine$xHistoire$y20e siecle.
=650  \0$aJews$xColonization$zPalestine$xHistory$y20th century.
=650  \0$aJews$zUnited States$xMigrations$xHistory$y20th century.
=650  \0$aJews, American$zPalestine$xHistory$y20th century.
=651  \7$aUnited States.$2fast$0(OCoLC)fst01204155
=651  \7$aMiddle East$zPalestine.$2fast$0(OCoLC)fst01207534
=651  \0$aUnited States$xEmigration and immigration.
=651  \0$aPalestine$xEmigration and immigration.
=655  \7$aHistory.$2fast$0(OCoLC)fst01411628
=655  \7$aElectronic books. $2local
=740  0\$aWayne State University Libraries Digital Collections.
=710  2\$aProject Muse.$edistributor
=830  \0$aBook collections on Project MUSE.
=856  40$zFull text available: $uhttps://muse.jhu.edu/book/61468/

