=LDR  02915cam a22004814a54500
=001  musev2_62064
=003  MdBmJHUP
=005  20241011150351.0
=006  m\\\\\o\\d\\\\\\\\
=007  cr||||||||nn|n
=008  181102r20182015cau\\\\\o\\\\\\00\0\eng\d
=020  \\$a9780692587249
=020  \\$z692587241
=035  \\$a(OCoLC)1061256432
=040  \\$aMdBmJHUP$cMdBmJHUP
=050  \4$aZ286.O63$bR83 2015
=100  1\$aRubow, Lexi,$eauthor.
=245  10$aUnderstanding Open Access : $bWhen, Why & How to Make Your Work Openly Accessible / $cprepared for Author's Alliance by Lexi Rubow, Rachael Shen, Brianna Schofield (Samuelson Law, Technology, and Public Policy Clinic).
=264  \1$a[Berkeley, California] :$bSamuelson Law, Technology, and Public Policy Clinic,$c[2015]
=264  \3$aBaltimore, Md. :$bProject MUSE, $c2018
=264  \4$c&copy;[2015]
=300  \\$a1 online resource.
=336  \\$atext$btxt$2rdacontent
=337  \\$acomputer$bc$2rdamedia
=338  \\$aonline resource$bcr$2rdacarrier
=490  0\$aAuthor's Alliance ;$vno. 2
=500  \\$aIssued as part of book collections on Project MUSE.
=504  \\$aIncludes bibliographical references and index.
=505  0\$aIntroduction: What is this guide and who is it for? -- Why make your work openly accessible?: Benefits of open access ; Open access policies -- How to make your work openly accessible : How "open" do you want to make your work? ; Where do you want to make your work available ; Conventional publishing and open access ; How to secure the right to use third-party content when making your work openly accessible -- Help shape the future of open access.
=506  0\$aOpen Access$fUnrestricted online access$2star
=520  \\$aUnderstanding Open Access provides a scholarly author-oriented look at the ins and outs of open access publishing. The guide addresses common concerns about what "open access" means, how institutional open access requirements work, and why authors might consider making their work openly accessible online. Our aim is to provide real-life strategies and tools that authors can use to work with publishers, institutions, and funders to make their works available on the terms most consistent with their dissemination goals.
=588  \\$aDescription based on print version record.
=650  \0$aOpen access publishing$vHandbooks, manuals, etc.
=655  \7$aElectronic books. $2local
=700  1\$aSchofield, Brianna,$eauthor.
=700  1\$aShen, Rachael,$eauthor.
=710  2\$aSamuelson Law, Technology and Public Policy Clinic (University of California, Berkeley),$eissuing body.
=710  2\$aProject Muse,$edistributor.
=776  18$iPrint version:$z0692587241$z9780692587249
=710  2\$aProject Muse.$edistributor
=830  \0$aAuthor's Alliance ;$vno. 2
=830  \0$aBook collections on Project MUSE.
=856  40$zFull text available: $uhttps://muse.jhu.edu/book/62064/

