=LDR  04739cam a22007574a 4500
=001  musev2_62783
=003  MdBmJHUP
=005  20241011151049.0
=006  m\\\\\o\\d\\\\\\\\
=007  cr||||||||nn|n
=008  170914s2017\\\\enk\\\\\o\\\\\\00\0\eng\d
=020  \\$a9781911534372
=020  \\$z9781911534365
=035  \\$a(OCoLC)1065770188
=040  \\$aMdBmJHUP$cMdBmJHUP
=100  1\$aTimcke, Scott.
=245  10$aCapital, State, Empire : $bThe New American Way of Digital Warfare  / $cScott Timcke.
=264  \1$aLondon :$bUniversity of Westminster Press,$c2017.
=264  \3$aBaltimore, Md. :$bProject MUSE, $c2018
=264  \4$c©2017.
=300  \\$a1 online resource.
=336  \\$atext$btxt$2rdacontent
=337  \\$acomputer$bc$2rdamedia
=338  \\$aonline resource$bcr$2rdacarrier
=490  0\$aCritical, digital and social media studies
=505  0\$aIntroduction -- chapter 1. A material critique of digital society -- chapter 2. Extraction, expansion and economies of bondage -- chapter 3. Calculation, computation and conflict -- chapter 4. Internal rule and the other America -- chapter 5. External rule and 'free-trade' -- chapter 6. Minds, brains, and disciplinary programs -- Conclusion. Digital coercion and the tendency towards unfree labour -- Notes -- References -- Index.
=506  0\$aOpen Access$fUnrestricted online access$2star
=520  \\$a"The United States presents the greatest source of global geo-political violence and instability. Guided by the radical political economy tradition, this book offers an analysis of the USA's historical impulse to weaponize communication technologies. Scott Timcke explores the foundations of this impulse and how the militarization of digital society creates structural injustices and social inequalities. He analyses how new digital communication technologies support American paramountcy and conditions for worldwide capital accumulation. Identifying selected features of contemporary American society, Capital, State, Empire undertakes a materialist critique of this digital society and of the New American Way of War. At the same time it demonstrates how the American security state represses activists--such as Black Lives Matter--who resist this emerging security leviathan. The book also critiques the digital positivism behind the algorithmic regulation used to control labour and further diminish prospects for human flourishing for the '99%'. Capital, State, Empire contributes to a broader understanding of the dynamics of global capitalism and political power in the early 21st century."
=588  \\$aDescription based on print version record.
=650  \7$aPolitics and government.$2fast$0(OCoLC)fst01919741
=650  \7$aNational security.$2fast$0(OCoLC)fst01033711
=650  \7$aInformation society$xPolitical aspects.$2fast$0(OCoLC)fst00972775
=650  \7$aEconomic history.$2fast$0(OCoLC)fst00901974
=650  \7$aCapitalism$xSocial aspects.$2fast$0(OCoLC)fst00846453
=650  \7$aPOLITICAL SCIENCE$xAmerican Government$xState.$2bisacsh
=650  \7$aSociety and social sciences Society and social sciences.$2bicssc
=650  \7$aSociety and culture: general.$2bicssc
=650  \7$aSocial issues and processes.$2bicssc
=650  \7$aSocial discrimination and inequality Mod Social discrimination and inequality.$2bicssc
=650  \7$aReference, information and interdisciplinary subjects.$2bicssc
=650  \7$aPolitics and government.$2bicssc
=650  \7$aPolitical economy.$2bicssc
=650  \7$aPolitical control and freedoms.$2bicssc
=650  \7$aMedia studies.$2bicssc
=650  \7$aInternational relations.$2bicssc
=650  \7$aInterdisciplinary studies.$2bicssc
=650  \7$aGeopolitics.$2bicssc
=650  \7$aEconomics.$2bicssc
=650  \7$aEconomics, finance, business and management.$2bicssc
=650  \7$aCommunication studies.$2bicssc
=650  \6$aTransmission numerique$xAspect politique.
=650  \6$aSociete informatisee$xAspect politique.
=650  \0$aCapitalism$xSocial aspects$zUnited States.
=650  \0$aNational security$zUnited States.
=650  \0$aDigital communications$xPolitical aspects.
=650  \0$aInformation society$xPolitical aspects.
=651  \7$aUnited States.$2fast$0(OCoLC)fst01204155
=651  \6$aÉtats-Unis$xConditions economiques.
=651  \6$aÉtats-Unis$xPolitique et gouvernement.
=651  \0$aUnited States$xEconomic conditions.
=651  \0$aUnited States$xPolitics and government.
=655  04$bElectronic books.
=655  \7$aElectronic books. $2local
=710  2\$aProject Muse.$edistributor
=830  \0$aBook collections on Project MUSE.
=856  40$zFull text available: $uhttps://muse.jhu.edu/book/62783/

