=LDR  03970cam a22007454a 4500
=001  musev2_62785
=003  MdBmJHUP
=005  20241011151051.0
=006  m\\\\\o\\d\\\\\\\\
=007  cr||||||||nn|n
=008  180322s2018\\\\enk\\\\\o\\\\\\00\0\eng\d
=010  \\$z  2017492174
=020  \\$a9781911534655
=020  \\$z9781911534648
=035  \\$a(OCoLC)1066026382
=040  \\$aMdBmJHUP$cMdBmJHUP
=130  0\$aSee (University of Westminster Press)
=245  10$aSee / $cedited by Andrea Pavoni, Danilo Mandic, Caterina Nirta, Andreas Philippopoulos-Mihalopoulos.
=264  \1$aLondon :$bUniversity of Westminster Press,$c2018.
=264  \3$aBaltimore, Md. :$bProject MUSE, $c2018
=264  \4$c&copy;2018.
=300  \\$a1 online resource.
=336  \\$atext$btxt$2rdacontent
=337  \\$acomputer$bc$2rdamedia
=338  \\$aonline resource$bcr$2rdacarrier
=490  0\$aLaw and the senses
=500  \\$a"Westminster Law & Theory Lab series."
=506  0\$aOpen Access$fUnrestricted online access$2star
=520  \\$a"Vision traditionally occupies the height of the sensorial hierarchy. The sense of clarity and purity conveyed by vision, allows it to be explicitly associated with truth and knowledge. The law has always relied on vision and representation, from eye-witnesses to photography, to imagery and emblems. The law and its normative gaze can be understood as that which decrees what is permitted to be and become visible and what is not. Indeed, even if law's perspectival view is bound to be betrayed by the realities of perception, it is nonetheless productive of real effects on the world. This first title in the interdisciplinary series 'Law and the Senses' asks how we can develop new theoretical approaches to law and seeing that go beyond a simple critique of the legal pretension to truth. This volume aims to understand how law might see and unsee, and how in its turn is seen and unseen. It explores devices and practices of visibility, the evolution of iconology and iconography, and the relation between the gaze of the law and the blindness of justice. The contributions, all radically interdisciplinary, are drawn from photography, legal theory, philosophy, and poetry."
=588  \\$aDescription based on print version record.
=650  \7$aSociological jurisprudence.$2fast$0(OCoLC)fst01123856
=650  \7$aSenses and sensation.$2fast$0(OCoLC)fst01112562
=650  \7$aLaw$xPsychological aspects.$2fast$0(OCoLC)fst00993801
=650  \7$aLaw and sociobiology.$2fast$0(OCoLC)fst00993925
=650  \7$aLaw / Legal History.$2bisacsh
=650  \7$aTheory of art.$2bicssc
=650  \7$aThe arts: general issues.$2bicssc
=650  \7$aThe arts.$2bicssc
=650  \7$aSociety and social sciences Society and social sciences.$2bicssc
=650  \7$aSociety and culture: general.$2bicssc
=650  \7$aSocial and political philosophy.$2bicssc
=650  \7$aPhilosophy.$2bicssc
=650  \7$aLaw.$2bicssc
=650  \7$aJurisprudence and philosophy of law.$2bicssc
=650  \7$aJurisprudence and general issues.$2bicssc
=650  \7$aHumanities.$2bicssc
=650  \7$aCultural studies.$2bicssc
=650  \7$asensation.$2aat
=650  \7$asenses.$2aat
=650  \6$aSociologie juridique.
=650  \6$aDroit$xAspect psychologique.
=650  \6$aSens et sensations.
=650  \6$aDroit et sociobiologie.
=650  \0$aSociological jurisprudence.
=650  \0$aLaw$xPsychological aspects.
=650  \0$aSenses and sensation.
=650  \0$aLaw and sociobiology.
=655  \7$aElectronic books. $2local
=700  1\$aPhilippopoulos-Mihalopoulos, Andreas,$eeditor of compilation.
=700  1\$aNirta, Caterina,$eeditor of compilation.
=700  1\$aMandic, Danilo,$eeditor of compilation.
=700  1\$aPavoni, Andrea,$eeditor.
=710  2\$aProject Muse.$edistributor
=830  \0$aBook collections on Project MUSE.
=856  40$zFull text available: $uhttps://muse.jhu.edu/book/62785/

