=LDR  04614cam a22005294a 4500
=001  musev2_62786
=003  MdBmJHUP
=005  20241011151051.0
=006  m\\\\\o\\d\\\\\\\\
=007  cr||||||||nn|n
=008  170502s2017\\\\enk\\\\\o\\\\\\00\0\eng\d
=020  \\$a9781911534099
=020  \\$z9781911534082
=035  \\$a(OCoLC)1065876473
=040  \\$aMdBmJHUP$cMdBmJHUP
=245  00$aNaval Leadership in the Atlantic World : $bThe  Age of Reform and Revolution, 1700 -1850 / $cedited by Richard Harding and Agustín Guimerá.
=264  \1$aLondon :$bUniversity of Westminster Press,$c2017.
=264  \3$aBaltimore, Md. :$bProject MUSE, $c2018
=264  \4$c©2017.
=300  \\$a1 online resource: $billustrations
=336  \\$atext$btxt$2rdacontent
=337  \\$acomputer$bc$2rdamedia
=338  \\$aonline resource$bcr$2rdacarrier
=505  00$gPart One.$tNaval Leadership: A Voyage of Discovery.$gIntroduction:$tNaval leadership in the age of reform and revolution, 1700-1850 /$rRichard Harding and Agustín Guimerá --$gPart Two.$tNaval Leadership in the Ancien Regime.$tLeadership networks and the effectiveness of the British Royal Navy in the mid-eighteenth century /$rRichard Harding --$tThe reputation of Louis XV's vice-admirals of France /$rSimon Surreaux --$tTypes of naval leadership in the eighteenth century /$rMichael Duffy ---$tNaval leadership in a 'fleet of being': the Spanish Navy and 'armed neutrality' in the mid-eighteenth century /$rCatherine Scheybeler --$tAdmiral Louis Guillouet, Comte d'Orvilliers (1710-92): a style of command in the age of the American War /$rOlivier Chaline --$tLe Bailli Pierre-Andre de Suffren: a precursor of Nelson /$rRemi Monaque --$gPart Three.$tNaval leadership and the French Revolution, 1789-1850.$gIntroduction:$tNaval leadership and the French Revolution /$rRichard Harding and Agustín Guimerá --$tLeadership in the French Navy during the revolution and empire. The optimist and the pessimist : Louis-Rene de Latouche-Treville (1745-1804) and Pierre Charles de Villeneuve (1763-1806) /$rRemi Monaque --$tAdmiral Antonio Barceló, 1716-97: a self-made naval leader /$rAugustín Ramón Rodríguez González --$tNaval leadership and the 'art of war': John Jervis and Jose de Mazarredo compared (1797-9) /$rAgustín Guimerá --$tLuis María de Salazar, Ángel Laborde and the defence of Cuba, 1825-29: a study in combined leadership /$rCarlos Alfaro Zaforteza --$tNapier, Palmerston and Palmella in 1833: the unofficial arm of British diplomacy /$rAndrew Lambert.
=506  0\$aOpen Access$fUnrestricted online access$2star
=520  \\$aThe naval leader has taken centre stage in traditional naval histories. However, while the historical narrative has been fairly consistent the development of various navies has been accompanied by assumptions, challenges and competing visions of the social characteristics of naval leaders and of their function. Whilst leadership has been a constant theme in historical studies, it has not been scrutinised as a phenomenon in its own right. This book examines the critical period in Europe between 1700 -1850, when political, economic and cultural shifts were bringing about a new understanding of the individual and of society. Bringing together context with a focus on naval leadership as a phenomenon is at the heart of this book, a unique collaborative venture between British, French and Spanish scholars. As globalisation develops in the twenty-first century the significance of navies looks set to increase. This volume of essays aims to place naval leadership in its historical context.
=546  \\$aIn English.
=588  \\$aDescription based on print version record.
=650  \7$aMarine$2gnd
=650  \7$aFührung$2gnd
=650  \7$aNaval history.$2fast$0(OCoLC)fst01035004
=650  \7$aHISTORY$xMilitary$xNaval.$2bisacsh
=650  \7$aHISTORY$xGeneral.$2bisacsh
=650  \7$aNaval forces and warfare.$2bicssc
=650  \7$aWarfare and defence.$2bicssc
=650  \7$aSociety and social sciences Society and social sciences.$2bicssc
=650  \6$aHistoire navale$y19e siecle.
=650  \6$aHistoire navale$y18e siecle.
=650  \0$aNaval history$y19th century.
=650  \0$aNaval history$y18th century.
=651  \7$aAtlantischer Ozean$2gnd
=655  \7$aElectronic books. $2local
=700  1\$aGuimerá Ravina, Agustín,$d1953-$eeditor.
=700  1\$aHarding, Richard,$d1953-$eeditor.
=710  2\$aProject Muse.$edistributor
=830  \0$aBook collections on Project MUSE.
=856  40$zFull text available: $uhttps://muse.jhu.edu/book/62786/

