=LDR  03462cam a22005534a 4500
=001  musev2_62787
=003  MdBmJHUP
=005  20241011151052.0
=006  m\\\\\o\\d\\\\\\\\
=007  cr||||||||nn|n
=008  180510s2018\\\\enk\\\\\o\\\\\\00\0\eng\d
=020  \\$a9781911534730
=020  \\$z9781911534723
=035  \\$a(OCoLC)1065877788
=040  \\$aMdBmJHUP$cMdBmJHUP
=100  1\$aRichterich, Annika.
=245  14$aThe Big Data Agenda : $bData Ethics and Critical Data Studies  / $cAnnika Richterich.
=264  \1$aLondon :$bUniversity of Westminster Press,$c2018.
=264  \3$aBaltimore, Md. :$bProject MUSE, $c2018
=264  \4$c&copy;2018.
=300  \\$a1 online resource.
=336  \\$atext$btxt$2rdacontent
=337  \\$acomputer$bc$2rdamedia
=338  \\$aonline resource$bcr$2rdacarrier
=490  0\$aCDSMS (Critical digital and social media studies)
=506  0\$aOpen Access$fUnrestricted online access$2star
=520  \\$a"This book highlights that the capacity for gathering, analysing, and utilising vast amounts of digital (user) data raises significant ethical issues. Annika Richterich provides a systematic contemporary overview of the field of critical data studies that reflects on practices of digital data collection and analysis. The book assesses in detail one big data research area: biomedical studies, focused on epidemiological surveillance. Specific case studies explore how big data have been used in academic work. The Big Data Agenda concludes that the use of big data in research urgently needs to be considered from the vantage point of ethics and social justice. Drawing upon discourse ethics and critical data studies, Richterich argues that entanglements between big data research and technology/ internet corporations have emerged. In consequence, more opportunities for discussing and negotiating emerging research practices and their implications for societal values are needed. An electronic version of this book is freely available, thanks to the support of libraries working with Knowledge Unlatched. KU is a collaborative initiative designed to make high quality books Open Access for the public good. More information about the initiative and details about KU's Open Access programme can be found at www.knowledgeunlatched.org."
=588  \\$aDescription based on print version record.
=650  \7$aBig Data$2gnd
=650  \7$aKritik$2gnd
=650  \7$aTechnology$xMoral and ethical aspects.$2fast$0(OCoLC)fst01145164
=650  \7$aComputer science$xMoral and ethical aspects.$2fast$0(OCoLC)fst00872464
=650  \7$aSOCIAL SCIENCE$xMedia Studies.$2bisacsh
=650  \7$aEthical issues and debates.$2bicssc
=650  \7$aBio-ethics.$2bicssc
=650  \7$aMedical bioinformatics New.$2bicssc
=650  \7$aEpidemiology and medical statistics.$2bicssc
=650  \7$aEthical and social aspects of IT Mod Ethical and social aspects of IT.$2bicssc
=650  \7$aMedia studies.$2bicssc
=650  \6$aInformatique$xAspect moral.
=650  \6$aTechnologie$xAspect moral.
=650  \6$aDonnees volumineuses$xAspect moral.
=650  \0$aComputer science$xMoral and ethical aspects.
=650  \0$aTechnology$xMoral and ethical aspects.
=650  \0$aBig data$xMoral and ethical aspects.
=655  \7$aElectronic books. $2local
=710  2\$aProject Muse.$edistributor
=830  \0$aBook collections on Project MUSE.
=856  40$zFull text available: $uhttps://muse.jhu.edu/book/62787/

