=LDR  03883cam a22006494a 4500
=001  musev2_62784
=003  MdBmJHUP
=005  20241011151050.0
=006  m\\\\\o\\d\\\\\\\\
=007  cr||||||||nn|n
=008  180815s2018\\\\enk\\\\\o\\\\\\00\0\eng\d
=020  \\$a9781911534617
=020  \\$z9781911534600
=035  \\$a(OCoLC)1051782805
=040  \\$aMdBmJHUP$cMdBmJHUP
=050  \4$aJC585
=082  0\$a323.44$223
=100  1\$aBaldissone, Riccardo.
=245  10$aFarewell to Freedom : $bA Western Genealogy of Liberty / $cRiccardo Baldissone.
=264  \1$aLondon :$bUniversity of Westminster Press,$c2018.
=264  \3$aBaltimore, Md. :$bProject MUSE, $c2018
=264  \4$c&copy;2018.
=300  \\$a1 online resource.
=336  \\$atext$btxt$2rdacontent
=337  \\$acomputer$bc$2rdamedia
=338  \\$aonline resource$bcr$2rdacarrier
=504  \\$aIncludes bibliographical references and index.
=505  0\$aTo the benevolent reader: a preliminary note -- On quotations -- Introduction -- Antiquities before christianities. Eleutheria ; The Greek constellation of freedoms ; The Roman constellation of freedoms -- The Christian world until the threshold of modernities. Christianities before the papal revolution ; The papal revolution and its aftermath -- High modernities. Hobbes' invention of modern freedom ; Freedom and revolution -- Low modernities. The Hegel effect ; Nietzschean dynamite: the first detonation -- Farewell to freedom. The dissolution of the notion of freedom ; The dissolution of the subject of freedom ; In-between autonomy and heteronomy: dianomy ; Otherwise than freedom: throughdom -- Selected bibliography -- Index.
=506  0\$aOpen Access$fUnrestricted online access$2star
=520  \\$aUnderstandings of freedom are often discussed in moral, theological, legal and political terms, but they are not often set in a historical perspective, and they are even more rarely considered within their specific language context. From Homeric poems to contemporary works, the author traces the words that express the various notions of freedom in Classical Greek, Latin, and medieval and modern European idioms. Examining writers as varied as Plato, Aristotle, Luther, La Boetie, Hobbes, Rousseau, Kant, Stirner, Nietzsche, and Foucault among others, this theoretical mapping shows old and new boundaries of the horizon of freedom. The book suggests the possibility of transcending these boundaries on the basis of a different theorization of human interactions, which constructs individual and collective subjects as processes rather than entities. This construction shifts and disseminates the very locus of freedom, whose vocabulary would be better recast as a relational middle path between autonomous and heteronomous alternatives.
=546  \\$aEnglish.
=588  \\$aDescription based on print version record.
=650  \7$aLiberty$xPhilosophy$2fast
=650  \7$aLiberty$2fast
=650  \7$aPolitical Science$xHistory & Theory.$2bisacsh
=650  \7$aPolitical control & freedoms.$2bicssc
=650  \7$aPolitical science & theory.$2bicssc
=650  \7$aSocial & political philosophy.$2bicssc
=650  \7$aHistory of Western philosophy.$2bicssc
=650  \7$aClassical history$xclassical civilisation.$2bicssc
=650  \7$aLanguage: history & general works.$2bicssc
=650  \6$aLiberte$xPhilosophie.
=650  \6$aLiberte$xHistoire.
=650  \0$aLiberty$xPhilosophy.
=650  \0$aLiberty$xHistory.
=653  \\$aFreedom
=653  \\$aAutonomy
=653  \\$aLiberty
=653  \\$aMastery
=653  \\$aTheology
=653  \\$aIndividual
=655  \7$aHistory$2fast
=655  \7$aElectronic books. $2local
=776  1\$z1911534610
=710  2\$aProject Muse.$edistributor
=830  \0$aBook collections on Project MUSE.
=856  40$zFull text available: $uhttps://muse.jhu.edu/book/62784/

